
<record>
  <leader>02765cam a22004457i 4500</leader>
  <controlfield tag="001">18611444</controlfield>
  <controlfield tag="005">20200103120618.0</controlfield>
  <controlfield tag="008">150415s2015    ru a     b    100 0 rus  </controlfield>
  <datafield tag="906" ind1=" " ind2=" ">
    <subfield code="a">7</subfield>
    <subfield code="b">cbc</subfield>
    <subfield code="c">origres</subfield>
    <subfield code="d">3</subfield>
    <subfield code="e">ncip</subfield>
    <subfield code="f">20</subfield>
    <subfield code="g">y-nonroman</subfield>
  </datafield>
  <datafield tag="925" ind1="0" ind2=" ">
    <subfield code="a">acquire</subfield>
    <subfield code="b">1 shelf copy</subfield>
    <subfield code="x">policy default</subfield>
  </datafield>
  <datafield tag="955" ind1=" " ind2=" ">
    <subfield code="b">fe08 2015-07-15 to cat.</subfield>
    <subfield code="a">fe00 2015-07-17 to GS/RUS</subfield>
    <subfield code="h">ti55 2018-06-12 BSLW</subfield>
    <subfield code="r">fe12 2018-06-25</subfield>
    <subfield code="u">fe12 2018-07-13 overtime to shelf</subfield>
  </datafield>
  <datafield tag="010" ind1=" " ind2=" ">
    <subfield code="a">  2015416974</subfield>
  </datafield>
  <datafield tag="020" ind1=" " ind2=" ">
    <subfield code="a">9785905823442</subfield>
  </datafield>
  <datafield tag="035" ind1=" " ind2=" ">
    <subfield code="a">(RuMoEVIS)ev1017327B</subfield>
  </datafield>
  <datafield tag="040" ind1=" " ind2=" ">
    <subfield code="a">DLC</subfield>
    <subfield code="b">eng</subfield>
    <subfield code="e">rda</subfield>
    <subfield code="c">DLC</subfield>
  </datafield>
  <datafield tag="041" ind1="0" ind2=" ">
    <subfield code="a">rus</subfield>
    <subfield code="a">eng</subfield>
    <subfield code="b">eng</subfield>
    <subfield code="f">eng</subfield>
  </datafield>
  <datafield tag="050" ind1="0" ind2="0">
    <subfield code="a">MLCM 2018/45277</subfield>
  </datafield>
  <datafield tag="066" ind1=" " ind2=" ">
    <subfield code="c">(N</subfield>
  </datafield>
  <datafield tag="111" ind1="2" ind2=" ">
    <subfield code="a">Mezhdunarodai︠a︡ nauchno-prakticheskai︠a︡ konferent︠s︡ii︠a︡ &quot;Ėra pantomimy. Laboratorii︠a︡ izuchenii︠a︡ evraziĭskoĭ teatralʹnoĭ kulʹtury XX-XXI vv.&quot;</subfield>
    <subfield code="n">(2nd :</subfield>
    <subfield code="d">2015</subfield>
    <subfield code="c">Moscow, Russia)</subfield>
  </datafield>
  <datafield tag="245" ind1="1" ind2="0">
    <subfield code="6">880-01</subfield>
    <subfield code="a">Ėra pantomimy :</subfield>
    <subfield code="b">laboratorii︠a︡ izuchenii︠a︡ evraziĭskoĭ teatralʹnoĭ kulʹtury XX-XXI vekov = The era of pantomime : laboratory for the study of Eurasian theatrical culture of the XX-XXI centuries /</subfield>
    <subfield code="c">otv. redaktory: Smirni︠a︡gina T.I︠U︡., Markova E.V.</subfield>
  </datafield>
  <datafield tag="880" ind1="1" ind2="0">
    <subfield code="6">245-01/(N</subfield>
    <subfield code="a">Эра пантомимы :</subfield>
    <subfield code="b">лаборатория изучения евразийской театральной культуры XX-XXI веков = The era of pantomime : laboratory for the study of Eurasian theatrical culture of the XX-XXI centuries /</subfield>
    <subfield code="c">отв. редакторы: Смирнягина Т.Ю., Маркова Е.В.</subfield>
  </datafield>
  <datafield tag="246" ind1="1" ind2="0">
    <subfield code="6">880-02</subfield>
    <subfield code="a">Laboratorii︠a︡ izuchenii︠a︡ evraziĭskoĭ teatralʹnoĭ kulʹtury XX-XXI vekov</subfield>
  </datafield>
  <datafield tag="880" ind1="1" ind2="0">
    <subfield code="6">246-02/(N</subfield>
    <subfield code="a">Лаборатория изучения евразийской театральной культуры XX-XXI веков</subfield>
  </datafield>
  <datafield tag="246" ind1="1" ind2="5">
    <subfield code="a">The era of pantomime :</subfield>
    <subfield code="b">laboratory for the study of Eurasian theatrical culture of the XX-XXI centuries</subfield>
  </datafield>
  <datafield tag="246" ind1="3" ind2=" ">
    <subfield code="a">Laboratory for the study of Eurasian theatrical culture of the XX-XXI centuries</subfield>
  </datafield>
  <datafield tag="264" ind1=" " ind2="1">
    <subfield code="6">880-03</subfield>
    <subfield code="a">Moskva :</subfield>
    <subfield code="b">Mittelʹ Press,</subfield>
    <subfield code="c">2015.</subfield>
  </datafield>
  <datafield tag="880" ind1=" " ind2="1">
    <subfield code="6">264-03/(N</subfield>
    <subfield code="a">Москва :</subfield>
    <subfield code="b">Миттель Пресс,</subfield>
    <subfield code="c">2015.</subfield>
  </datafield>
  <datafield tag="300" ind1=" " ind2=" ">
    <subfield code="a">319 pages :</subfield>
    <subfield code="b">illustrations ;</subfield>
    <subfield code="c">23 cm</subfield>
  </datafield>
  <datafield tag="336" ind1=" " ind2=" ">
    <subfield code="a">text</subfield>
    <subfield code="b">txt</subfield>
    <subfield code="2">rdacontent</subfield>
  </datafield>
  <datafield tag="337" ind1=" " ind2=" ">
    <subfield code="a">unmediated</subfield>
    <subfield code="b">n</subfield>
    <subfield code="2">rdamedia</subfield>
  </datafield>
  <datafield tag="338" ind1=" " ind2=" ">
    <subfield code="a">volume</subfield>
    <subfield code="b">nc</subfield>
    <subfield code="2">rdacarrier</subfield>
  </datafield>
  <datafield tag="500" ind1=" " ind2=" ">
    <subfield code="a">Minimal Level Cataloging Plus</subfield>
    <subfield code="5">DLC</subfield>
  </datafield>
  <datafield tag="546" ind1=" " ind2=" ">
    <subfield code="a">Summaries and table of contents also in English.</subfield>
  </datafield>
  <datafield tag="500" ind1=" " ind2=" ">
    <subfield code="a">Published in commemoration of the 90th birthday of Marcrel Marceau.</subfield>
  </datafield>
  <datafield tag="504" ind1=" " ind2=" ">
    <subfield code="a">Includes bibliographical references.</subfield>
  </datafield>
  <datafield tag="650" ind1=" " ind2="0">
    <subfield code="a">Theater</subfield>
    <subfield code="v">Congresses.</subfield>
  </datafield>
  <datafield tag="650" ind1=" " ind2="0">
    <subfield code="a">Mimes</subfield>
    <subfield code="v">Congresses.</subfield>
  </datafield>
  <datafield tag="700" ind1="1" ind2=" ">
    <subfield code="a">Smirni︠a︡gina, T. I︠U︡.</subfield>
    <subfield code="q">(Tatʹi︠a︡na I︠U︡rʹevna),</subfield>
    <subfield code="e">editor.</subfield>
  </datafield>
  <datafield tag="923" ind1=" " ind2=" ">
    <subfield code="d">20150417</subfield>
    <subfield code="n">10125270</subfield>
    <subfield code="s">RuMoEVIS</subfield>
  </datafield>
  <datafield tag="985" ind1=" " ind2=" ">
    <subfield code="e">VENDOR LOAD</subfield>
  </datafield>
</record>