
<record>
  <leader>02058cam a22003737i 4500</leader>
  <controlfield tag="001">18611542</controlfield>
  <controlfield tag="005">20200103120619.0</controlfield>
  <controlfield tag="008">150327s2015    ru a          000 1 ruso </controlfield>
  <datafield tag="906" ind1=" " ind2=" ">
    <subfield code="a">7</subfield>
    <subfield code="b">cbc</subfield>
    <subfield code="c">origres</subfield>
    <subfield code="d">3</subfield>
    <subfield code="e">ncip</subfield>
    <subfield code="f">20</subfield>
    <subfield code="g">y-nonroman</subfield>
  </datafield>
  <datafield tag="925" ind1="0" ind2=" ">
    <subfield code="a">acquire</subfield>
    <subfield code="b">1 shelf copy</subfield>
    <subfield code="x">policy default</subfield>
  </datafield>
  <datafield tag="955" ind1=" " ind2=" ">
    <subfield code="b">fe15 2015-06-23 telework to cat.</subfield>
    <subfield code="a">fe00 2015-06-26 to GS/RUS</subfield>
    <subfield code="t">fe18 2015-07-16 copy 2 to surplus</subfield>
    <subfield code="h">ti55 2018-05-16 BSLW</subfield>
    <subfield code="r">fe01 2018-05-18 to shelf</subfield>
  </datafield>
  <datafield tag="010" ind1=" " ind2=" ">
    <subfield code="a">  2015428162</subfield>
  </datafield>
  <datafield tag="020" ind1=" " ind2=" ">
    <subfield code="a">9785765907634</subfield>
  </datafield>
  <datafield tag="035" ind1=" " ind2=" ">
    <subfield code="a">(RuMoEVIS)ev1009156B</subfield>
  </datafield>
  <datafield tag="040" ind1=" " ind2=" ">
    <subfield code="a">DLC</subfield>
    <subfield code="b">eng</subfield>
    <subfield code="e">rda</subfield>
    <subfield code="c">DLC</subfield>
  </datafield>
  <datafield tag="041" ind1="1" ind2=" ">
    <subfield code="a">rus</subfield>
    <subfield code="a">udm</subfield>
    <subfield code="h">udm</subfield>
  </datafield>
  <datafield tag="050" ind1="0" ind2="0">
    <subfield code="a">MLCM 2018/44496</subfield>
  </datafield>
  <datafield tag="066" ind1=" " ind2=" ">
    <subfield code="c">(N</subfield>
  </datafield>
  <datafield tag="245" ind1="0" ind2="0">
    <subfield code="6">880-01</subfield>
    <subfield code="a">Zolotye gusli :</subfield>
    <subfield code="b">iz sokrovishchnit︠s︡y narodnoĭ mudrosti udmurtov = Zarni krezʹ : udmurt kalyklėn vizʹ-nod shykysysʹtyz /</subfield>
    <subfield code="c">nauchnyĭ redaktor: V. Vladykin ; sostavitelʹ,  Vladykina-Perevozchikova Tati︠a︡na Grigorʹevna.</subfield>
  </datafield>
  <datafield tag="880" ind1="1" ind2="0">
    <subfield code="6">245-01/(N</subfield>
    <subfield code="a">Золотые гусли :</subfield>
    <subfield code="b">из сокровищницы народной мудрости удмуртов = Зарни крезь : удмурт калыклэн визь-нод шыкысысьтыз /</subfield>
    <subfield code="c">научный редактор: В. Владыкин ; составитель, Владыкина-Перевозчикова Татяна Григорьевна.</subfield>
  </datafield>
  <datafield tag="246" ind1="1" ind2="1">
    <subfield code="6">880-02</subfield>
    <subfield code="a">Zarni krezʹ :</subfield>
    <subfield code="b">udmurt kalyklėn vizʹ-nod shykysysʹtyz</subfield>
  </datafield>
  <datafield tag="880" ind1="1" ind2="1">
    <subfield code="6">246-02/(N</subfield>
    <subfield code="a">Зарни крезь :</subfield>
    <subfield code="b">удмурт калыклэн визь-нод шыкысысьтыз</subfield>
  </datafield>
  <datafield tag="264" ind1=" " ind2="1">
    <subfield code="6">880-03</subfield>
    <subfield code="a">Izhevsk :</subfield>
    <subfield code="b">Udmurtii︠a︡,</subfield>
    <subfield code="c">2015.</subfield>
  </datafield>
  <datafield tag="880" ind1=" " ind2="1">
    <subfield code="6">264-03/(N</subfield>
    <subfield code="a">Ижевск :</subfield>
    <subfield code="b">Удмуртия,</subfield>
    <subfield code="c">2015.</subfield>
  </datafield>
  <datafield tag="300" ind1=" " ind2=" ">
    <subfield code="a">301 pages :</subfield>
    <subfield code="b">illustrations ;</subfield>
    <subfield code="c">25 cm</subfield>
  </datafield>
  <datafield tag="336" ind1=" " ind2=" ">
    <subfield code="a">text</subfield>
    <subfield code="2">rdacontent</subfield>
  </datafield>
  <datafield tag="337" ind1=" " ind2=" ">
    <subfield code="a">unmediated</subfield>
    <subfield code="2">rdamedia</subfield>
  </datafield>
  <datafield tag="338" ind1=" " ind2=" ">
    <subfield code="a">volume</subfield>
    <subfield code="2">rdacarrier</subfield>
  </datafield>
  <datafield tag="546" ind1=" " ind2=" ">
    <subfield code="a">Text in Russian and Udmurt.</subfield>
  </datafield>
  <datafield tag="500" ind1=" " ind2=" ">
    <subfield code="a">Minimal Level Cataloging Plus</subfield>
    <subfield code="5">DLC</subfield>
  </datafield>
  <datafield tag="650" ind1=" " ind2="0">
    <subfield code="a">Folk literature, Udmurt.</subfield>
  </datafield>
  <datafield tag="700" ind1="1" ind2=" ">
    <subfield code="a">Vladykina-Perevozchikova, T. G.</subfield>
    <subfield code="q">(Tatʹi︠a︡na Grigorʹevna),</subfield>
    <subfield code="e">compiler.</subfield>
  </datafield>
  <datafield tag="923" ind1=" " ind2=" ">
    <subfield code="d">20150422</subfield>
    <subfield code="n">10125401</subfield>
    <subfield code="s">RuMoEVIS</subfield>
  </datafield>
  <datafield tag="985" ind1=" " ind2=" ">
    <subfield code="e">VENDOR LOAD</subfield>
  </datafield>
</record>