
<record>
  <leader>03272cam a22004217i 4500</leader>
  <controlfield tag="001">18615570</controlfield>
  <controlfield tag="005">20200103120621.0</controlfield>
  <controlfield tag="008">150512s2015    enk      b    001 0 eng  </controlfield>
  <datafield tag="906" ind1=" " ind2=" ">
    <subfield code="a">7</subfield>
    <subfield code="b">cbc</subfield>
    <subfield code="c">origres</subfield>
    <subfield code="d">2</subfield>
    <subfield code="e">ncip</subfield>
    <subfield code="f">20</subfield>
    <subfield code="g">y-gencatlg</subfield>
  </datafield>
  <datafield tag="925" ind1="0" ind2=" ">
    <subfield code="a">acquire</subfield>
    <subfield code="b">1 shelf copy</subfield>
    <subfield code="x">policy default</subfield>
  </datafield>
  <datafield tag="955" ind1=" " ind2=" ">
    <subfield code="b">rm08 2016-01-06 z-processor</subfield>
    <subfield code="i">rm06 2016-01-07 to Dewey</subfield>
  </datafield>
  <datafield tag="955" ind1=" " ind2=" ">
    <subfield code="a">pc27 2015-05-12</subfield>
    <subfield code="a">xn12 2015-12-23 1 copy rec&apos;d., to USASH</subfield>
  </datafield>
  <datafield tag="010" ind1=" " ind2=" ">
    <subfield code="a">  2015941208</subfield>
  </datafield>
  <datafield tag="020" ind1=" " ind2=" ">
    <subfield code="a">1784718726</subfield>
  </datafield>
  <datafield tag="020" ind1=" " ind2=" ">
    <subfield code="a">9781784718725</subfield>
  </datafield>
  <datafield tag="020" ind1=" " ind2=" ">
    <subfield code="z">9781784718732 (ebook)</subfield>
  </datafield>
  <datafield tag="040" ind1=" " ind2=" ">
    <subfield code="a">DLC</subfield>
    <subfield code="c">DLC</subfield>
    <subfield code="d">DLC</subfield>
  </datafield>
  <datafield tag="043" ind1=" " ind2=" ">
    <subfield code="a">e------</subfield>
  </datafield>
  <datafield tag="050" ind1="0" ind2="0">
    <subfield code="a">HD2757.2</subfield>
    <subfield code="b">.S3313 2015</subfield>
  </datafield>
  <datafield tag="100" ind1="1" ind2=" ">
    <subfield code="a">Salomão Filho, Calixto,</subfield>
    <subfield code="e">author.</subfield>
  </datafield>
  <datafield tag="240" ind1="1" ind2="0">
    <subfield code="a">Histoire critique des monopoles.</subfield>
    <subfield code="l">English</subfield>
  </datafield>
  <datafield tag="245" ind1="1" ind2="0">
    <subfield code="a">Monopolies and underdevelopment :</subfield>
    <subfield code="b">from colonial past to global reality /</subfield>
    <subfield code="c">Calixto Salomäao Filho.</subfield>
  </datafield>
  <datafield tag="260" ind1=" " ind2=" ">
    <subfield code="a">Cheltenham :</subfield>
    <subfield code="b">Edward elgar,</subfield>
    <subfield code="c">2015.</subfield>
  </datafield>
  <datafield tag="264" ind1=" " ind2="1">
    <subfield code="a">Cheltenham, UK</subfield>
    <subfield code="a">Northampton, MA</subfield>
    <subfield code="b">Edward Elgar Publishing,</subfield>
    <subfield code="c">[2015]</subfield>
  </datafield>
  <datafield tag="300" ind1=" " ind2=" ">
    <subfield code="a">x, 182 pages ;</subfield>
    <subfield code="c">23 cm.</subfield>
  </datafield>
  <datafield tag="336" ind1=" " ind2=" ">
    <subfield code="a">text</subfield>
    <subfield code="b">txt</subfield>
    <subfield code="2">rdacontent</subfield>
  </datafield>
  <datafield tag="337" ind1=" " ind2=" ">
    <subfield code="a">unmediated</subfield>
    <subfield code="b">n</subfield>
    <subfield code="2">rdamedia</subfield>
  </datafield>
  <datafield tag="338" ind1=" " ind2=" ">
    <subfield code="a">volume</subfield>
    <subfield code="b">nc</subfield>
    <subfield code="2">rdacarrier</subfield>
  </datafield>
  <datafield tag="490" ind1="1" ind2=" ">
    <subfield code="a">New horizons in competition law and economics</subfield>
  </datafield>
  <datafield tag="504" ind1=" " ind2=" ">
    <subfield code="a">Includes bibliographical references (pages 164-171) and index.</subfield>
  </datafield>
  <datafield tag="505" ind1="0" ind2=" ">
    <subfield code="a">Machine generated contents note: pt. 1 THE &apos;MARCH OF ACCEPTANCE&apos;: ECONOMIC POWER IN THE HISTORY OF IDEAS -- 1.The philosophical view -- 1.The unitary philosophers: Kant and Hegel -- 2.Modern philosophy: Split between ethics and analysis of reality -- 3.Critical perspectives -- 2.The economic view -- 1.The march of pragmatism -- 2.The Schumpeterian synthesis -- 3.Critical perspectives -- 3.The legal view -- 1.From legal rationalism to positivism -- 2.Positivism and economic power -- 3.Critical perspectives -- pt. 2 MONOPOLIES AND THE HISTORY OF CAPITALISM -- 4.Colonial monopoly and underdevelopment -- 1.Economic power (and, hence, monopoly) as a structural determinant of the economies of underdeveloped countries -- 2.Monopolies and commercial interests of metropoles -- 3.Structuring of monopolies and the domestic markets of the colonies -- 4.Social structure resulting in colonies -- 5.Industrialization and continuity of monopolistic structures --</subfield>
  </datafield>
  <datafield tag="505" ind1="0" ind2=" ">
    <subfield code="a">Note continued: 1.Industrialization and continuity of the colonial economic model in Latin America -- 2.Recolonization and decolonization of Asia -- 3.Social structures: Comparison -- 6.Internationalization of economic relations and the internationalization of monopolies -- 1.Internationalization of economic relations and its effects -- 2.The triple drain in its contemporary version -- a global phenomenon -- 3.The operation of the financial system and the new drains on the global markets -- 4.Social structures: Poverty and the environment -- a global problem -- pt. 3 CONCLUSION: THE END OR BEGINNING OF HISTORY?.</subfield>
  </datafield>
  <datafield tag="650" ind1=" " ind2="0">
    <subfield code="a">Monopolies</subfield>
    <subfield code="x">History.</subfield>
  </datafield>
  <datafield tag="650" ind1=" " ind2="0">
    <subfield code="a">Monopolistic competition</subfield>
    <subfield code="z">European Union countries.</subfield>
  </datafield>
  <datafield tag="650" ind1=" " ind2="0">
    <subfield code="a">Monopolistic competition</subfield>
    <subfield code="z">Developing countries.</subfield>
  </datafield>
  <datafield tag="650" ind1=" " ind2="0">
    <subfield code="a">BUSINESS &amp; ECONOMICS / Industries / General</subfield>
    <subfield code="2">bisacsh</subfield>
  </datafield>
  <datafield tag="830" ind1=" " ind2="0">
    <subfield code="a">New horizons in competition law and economics.</subfield>
  </datafield>
  <datafield tag="963" ind1=" " ind2=" ">
    <subfield code="a">Karissa Venne; phone: (413) 584-5551; email: kvenne@e-elgar.com; bc: kvenne@e-elgar.com</subfield>
  </datafield>
</record>