
<record>
  <leader>03503cam a22003977i 4500</leader>
  <controlfield tag="001">18617746</controlfield>
  <controlfield tag="005">20200103120621.0</controlfield>
  <controlfield tag="008">150514s2015    nyu      b    001 0 eng  </controlfield>
  <datafield tag="906" ind1=" " ind2=" ">
    <subfield code="a">7</subfield>
    <subfield code="b">cbc</subfield>
    <subfield code="c">orignew</subfield>
    <subfield code="d">1</subfield>
    <subfield code="e">ecip</subfield>
    <subfield code="f">20</subfield>
    <subfield code="g">y-gencatlg</subfield>
  </datafield>
  <datafield tag="925" ind1="0" ind2=" ">
    <subfield code="a">acquire</subfield>
    <subfield code="b">1 shelf copy</subfield>
    <subfield code="x">policy default</subfield>
  </datafield>
  <datafield tag="955" ind1=" " ind2=" ">
    <subfield code="b">rm15 2015-05-14</subfield>
    <subfield code="c">rm15 2015-05-14 ONIX</subfield>
    <subfield code="i">rm15 2015-05-14 (telework)</subfield>
    <subfield code="a">rm15 2015-05-14 to Dewey</subfield>
    <subfield code="w">xl03 2015-05-14</subfield>
    <subfield code="a">xn12 2015-10-07 1 copy rec&apos;d., to CIP ver.</subfield>
    <subfield code="f">rm06 2015-11-10 to CALM</subfield>
  </datafield>
  <datafield tag="010" ind1=" " ind2=" ">
    <subfield code="a">  2015018052</subfield>
  </datafield>
  <datafield tag="020" ind1=" " ind2=" ">
    <subfield code="a">9781451641073 (hardback)</subfield>
  </datafield>
  <datafield tag="020" ind1=" " ind2=" ">
    <subfield code="z">9781451641110 (ebook)</subfield>
  </datafield>
  <datafield tag="040" ind1=" " ind2=" ">
    <subfield code="a">DLC</subfield>
    <subfield code="b">eng</subfield>
    <subfield code="c">DLC</subfield>
    <subfield code="e">rda</subfield>
    <subfield code="d">DLC</subfield>
  </datafield>
  <datafield tag="043" ind1=" " ind2=" ">
    <subfield code="a">n-us-ca</subfield>
  </datafield>
  <datafield tag="050" ind1="0" ind2="0">
    <subfield code="a">HV8148.L7</subfield>
    <subfield code="b">D657 2015</subfield>
  </datafield>
  <datafield tag="082" ind1="0" ind2="0">
    <subfield code="a">363.209794/94</subfield>
    <subfield code="2">23</subfield>
  </datafield>
  <datafield tag="084" ind1=" " ind2=" ">
    <subfield code="a">TRU000000</subfield>
    <subfield code="a">POL014000</subfield>
    <subfield code="a">SOC004000</subfield>
    <subfield code="2">bisacsh</subfield>
  </datafield>
  <datafield tag="100" ind1="1" ind2=" ">
    <subfield code="a">Domanick, Joe.</subfield>
  </datafield>
  <datafield tag="245" ind1="1" ind2="0">
    <subfield code="a">Blue :</subfield>
    <subfield code="b">the LAPD and the battle to redeem American policing /</subfield>
    <subfield code="c">Joe Domanick.</subfield>
  </datafield>
  <datafield tag="264" ind1=" " ind2="1">
    <subfield code="a">New York :</subfield>
    <subfield code="b">Simon &amp; Schuster,</subfield>
    <subfield code="c">2015.</subfield>
  </datafield>
  <datafield tag="300" ind1=" " ind2=" ">
    <subfield code="a">xix, 437 pages ;</subfield>
    <subfield code="c">24 cm</subfield>
  </datafield>
  <datafield tag="336" ind1=" " ind2=" ">
    <subfield code="a">text</subfield>
    <subfield code="2">rdacontent</subfield>
  </datafield>
  <datafield tag="337" ind1=" " ind2=" ">
    <subfield code="a">unmediated</subfield>
    <subfield code="2">rdamedia</subfield>
  </datafield>
  <datafield tag="338" ind1=" " ind2=" ">
    <subfield code="a">volume</subfield>
    <subfield code="2">rdacarrier</subfield>
  </datafield>
  <datafield tag="520" ind1=" " ind2=" ">
    <subfield code="a">&quot;An award-winning investigative reporter reveals the troubled history of the LAPD in a gripping story filled with hard-boiled, real-life characters that bring to life the ravages of the criminal justice system.  Vividly drawn and character-driven, Blue is simultaneously a drama of cops, crime and politics, and a primer on American police policy and reform. Using the LAPD as the book&apos;s spine and through-line, Domanick illuminates urban policing at a crossroads during the tumultuous violence-plagued years of the early 1990s. Years when the beating of Rodney King and the LAPD&apos;s brutality sparked the 1992 Los Angeles Riots, and police departments were caught between an often brutal, corrupt and racist past, and the demands of a rapidly changing urban population and environment.  From LA he then zooms to New York City, and details how the transformation of the NYPD that resulted in a dramatic decrease in crime--even while the LAPD remained in freefall for a decade more before it too begins its road to reformation. Blue ends in the summer of 2014 with crime at record lows, but events in LA, NYC and Ferguson, Mo., raising alarming warnings about aggressive racial profiling and the militarization of American policing.  Filled with political intrigue and cultural and racial conflict, Domanick&apos;s fast-paced account distills this history through the vivid characters that shaped it, from America&apos;s premiere police reformer, William J. Bratton; to Daryl Francis Gates, Chief of the LAPD during fourteen of the most tumultuous years in LA&apos;s history; to Charlie Beck, a street-hardened LAPD cop who later becomes Bratton&apos;s prote;ge;; to Alfred Lomas and Andre Christian, former members of two of LA&apos;s most fearsome gangs, who represent the other side of the LAPD&apos;s war on crime&quot;--</subfield>
    <subfield code="c">Provided by publisher.</subfield>
  </datafield>
  <datafield tag="504" ind1=" " ind2=" ">
    <subfield code="a">Includes bibliographical references (pages 425-428) and index.</subfield>
  </datafield>
  <datafield tag="610" ind1="1" ind2="0">
    <subfield code="a">Los Angeles (Calif.).</subfield>
    <subfield code="b">Police Department.</subfield>
  </datafield>
  <datafield tag="650" ind1=" " ind2="0">
    <subfield code="a">Police</subfield>
    <subfield code="z">California</subfield>
    <subfield code="z">Los Angeles</subfield>
    <subfield code="x">History.</subfield>
  </datafield>
  <datafield tag="650" ind1=" " ind2="0">
    <subfield code="a">Police misconduct</subfield>
    <subfield code="z">California</subfield>
    <subfield code="z">Los Angeles</subfield>
    <subfield code="x">History.</subfield>
  </datafield>
  <datafield tag="650" ind1=" " ind2="0">
    <subfield code="a">Police administration</subfield>
    <subfield code="z">California</subfield>
    <subfield code="z">Los Angeles</subfield>
    <subfield code="x">History.</subfield>
  </datafield>
  <datafield tag="650" ind1=" " ind2="0">
    <subfield code="a">Criminal justice, Administration of</subfield>
    <subfield code="z">California</subfield>
    <subfield code="z">Los Angeles</subfield>
    <subfield code="x">History.</subfield>
  </datafield>
  <datafield tag="650" ind1=" " ind2="7">
    <subfield code="a">TRUE CRIME / General.</subfield>
    <subfield code="2">bisacsh</subfield>
  </datafield>
  <datafield tag="650" ind1=" " ind2="7">
    <subfield code="a">POLITICAL SCIENCE / Political Freedom &amp; Security / Law Enforcement.</subfield>
    <subfield code="2">bisacsh</subfield>
  </datafield>
  <datafield tag="650" ind1=" " ind2="7">
    <subfield code="a">SOCIAL SCIENCE / Criminology.</subfield>
    <subfield code="2">bisacsh</subfield>
  </datafield>
</record>