
<record>
  <leader>03995cam a22003497i 4500</leader>
  <controlfield tag="001">18621576</controlfield>
  <controlfield tag="005">20200103120624.0</controlfield>
  <controlfield tag="008">150518s2015    enk      b    001 0 eng  </controlfield>
  <datafield tag="906" ind1=" " ind2=" ">
    <subfield code="a">7</subfield>
    <subfield code="b">cbc</subfield>
    <subfield code="c">orignew</subfield>
    <subfield code="d">1</subfield>
    <subfield code="e">ecip</subfield>
    <subfield code="f">20</subfield>
    <subfield code="g">y-gencatlg</subfield>
  </datafield>
  <datafield tag="925" ind1="0" ind2=" ">
    <subfield code="a">acquire</subfield>
    <subfield code="b">1 shelf copy</subfield>
    <subfield code="x">policy default</subfield>
    <subfield code="e">claim1  2015-12-02</subfield>
    <subfield code="e">claim2  2016-04-05</subfield>
  </datafield>
  <datafield tag="955" ind1=" " ind2=" ">
    <subfield code="b">rm07 2015-05-18</subfield>
    <subfield code="i">rm07 2015-05-18 (telework) ONIX to Dewey</subfield>
    <subfield code="w">xl03 2015-05-19</subfield>
    <subfield code="a">xn12 2016-05-31 1 copy rec&apos;d., to CIP ver.</subfield>
    <subfield code="f">rm06 2016-06-06 to CALM</subfield>
  </datafield>
  <datafield tag="010" ind1=" " ind2=" ">
    <subfield code="a">  2015013078</subfield>
  </datafield>
  <datafield tag="020" ind1=" " ind2=" ">
    <subfield code="a">9781137455543 (hardback)</subfield>
  </datafield>
  <datafield tag="040" ind1=" " ind2=" ">
    <subfield code="a">DLC</subfield>
    <subfield code="b">eng</subfield>
    <subfield code="c">DLC</subfield>
    <subfield code="e">rda</subfield>
    <subfield code="d">DLC</subfield>
  </datafield>
  <datafield tag="050" ind1="0" ind2="0">
    <subfield code="a">HV6773.15.C97</subfield>
    <subfield code="b">C87 2015</subfield>
  </datafield>
  <datafield tag="082" ind1="0" ind2="0">
    <subfield code="a">355.4</subfield>
    <subfield code="2">23</subfield>
  </datafield>
  <datafield tag="084" ind1=" " ind2=" ">
    <subfield code="a">COM053000</subfield>
    <subfield code="a">POL012000</subfield>
    <subfield code="a">SOC004000</subfield>
    <subfield code="2">bisacsh</subfield>
  </datafield>
  <datafield tag="245" ind1="0" ind2="0">
    <subfield code="a">Current and emerging trends in cyber operations :</subfield>
    <subfield code="b">policy, strategy and practice /</subfield>
    <subfield code="c">edited by Frederic Lemieux, George Washington University, USA.</subfield>
  </datafield>
  <datafield tag="264" ind1=" " ind2="1">
    <subfield code="a">Houndmills, Basingstoke, Hampshire ;</subfield>
    <subfield code="a">New York, NY :</subfield>
    <subfield code="b">Palgrave Macmillan,</subfield>
    <subfield code="c">2015.</subfield>
  </datafield>
  <datafield tag="300" ind1=" " ind2=" ">
    <subfield code="a">xiii, 254 pages ;</subfield>
    <subfield code="c">23 cm</subfield>
  </datafield>
  <datafield tag="336" ind1=" " ind2=" ">
    <subfield code="a">text</subfield>
    <subfield code="2">rdacontent</subfield>
  </datafield>
  <datafield tag="337" ind1=" " ind2=" ">
    <subfield code="a">unmediated</subfield>
    <subfield code="2">rdamedia</subfield>
  </datafield>
  <datafield tag="338" ind1=" " ind2=" ">
    <subfield code="a">volume</subfield>
    <subfield code="2">rdacarrier</subfield>
  </datafield>
  <datafield tag="520" ind1=" " ind2=" ">
    <subfield code="a">&quot;Cyber operations is an emerging professional and academic field of interest, encompassing multiple disciplines associated with both technical and non-technical operations conducted in cyber space. This book importantly focuses on the non-technical aspects, such as policy, strategy and best practice. It presents both theoretical and practical approaches towards understanding the evolution of cyber operations.  This volume provides a multidisciplinary examination of international trends, with contributions from scholars and high-profile practitioners working in the fields of cyber security, cyber warfare, and information management. It also takes an international approach to these issues, incorporating studies from a military (warfare) context as well as civilian (private industry) environments. Current and Emerging Trends in Cyber Operations is essential reading for policy makers, military personnel, private sector professionals and both senior scholars and students to understand current changes and new issues in cyber operations&quot;--</subfield>
    <subfield code="c">Provided by publisher.</subfield>
  </datafield>
  <datafield tag="504" ind1=" " ind2=" ">
    <subfield code="a">Includes bibliographical references (pages 221-242) and index.</subfield>
  </datafield>
  <datafield tag="505" ind1="8" ind2=" ">
    <subfield code="a">Machine generated contents note: -- 1. Trends in Cyber Operations: An Introduction; Frederic Lemieux -- PART I: CONFLICTS IN CYBER SPACE -- 2. Cyber Conflict: Disruption and Exploitation in the Digital Age; Scott Applegate -- 3. Establishing Cyber Warfare Doctrine; Andrew Colarik and Lech Janczewski -- 4. How Cyber Changes the Laws of War; Jack Goldsmith -- PART II: GEOPOLITICS OF CONFLICTS IN THE CYBER SPACE -- 5. Russia&apos;s Information Warfare Capabilities; Roland Heicker&amp;#246; -- 6. The Sino-U.S. Digital Relationship and International Cyber Security; Jyh-An Lee -- 7. Cyber Operations in the Middle East; Jeffrey Bardin -- PART III: DEFENSE STRATEGIES AND PRACTICES -- 8. A National Strategy for the United States Cyberspace; Harold &apos;Punch&apos; Moulton, James Stavridis, and Constance Uthoff -- 9. Defending Critical Infrastructures Against Cyber Attacks: Cooperation Through Data Exchange Infrastructure and Advanced Data Analytics; Frederic Lemieux -- 10. Cyber Security Protection Measures Applied in the UK and USA; Wayne Harrop and Ashley Matteson -- PART IV: CYBER INTELLIGENCE AND INFORMATION SECURITY -- 11. Typologies of Attacks and Vulnerabilities Related to the National Critical Infrastructure; Charles Pak -- 12. Opportunities and Security Challenges of Big Data; Zal Azmi -- 13. Strategic Cyber Intelligence: An Examination of Practices across Industry, Government and Military; Constance Uthoff.</subfield>
  </datafield>
  <datafield tag="650" ind1=" " ind2="0">
    <subfield code="a">Cyberterrorism.</subfield>
  </datafield>
  <datafield tag="650" ind1=" " ind2="0">
    <subfield code="a">National security.</subfield>
  </datafield>
  <datafield tag="650" ind1=" " ind2="7">
    <subfield code="a">COMPUTERS / Security / General.</subfield>
    <subfield code="2">bisacsh</subfield>
  </datafield>
  <datafield tag="650" ind1=" " ind2="7">
    <subfield code="a">POLITICAL SCIENCE / Political Freedom &amp; Security / International Security.</subfield>
    <subfield code="2">bisacsh</subfield>
  </datafield>
  <datafield tag="650" ind1=" " ind2="7">
    <subfield code="a">SOCIAL SCIENCE / Criminology.</subfield>
    <subfield code="2">bisacsh</subfield>
  </datafield>
  <datafield tag="700" ind1="1" ind2=" ">
    <subfield code="a">Lemieux, Frédéric.</subfield>
  </datafield>
</record>