
<record>
  <leader>03639cam a22004457i 4500</leader>
  <controlfield tag="001">18622076</controlfield>
  <controlfield tag="005">20200103150454.0</controlfield>
  <controlfield tag="008">150508s2016    cau      b    001 0 eng c</controlfield>
  <datafield tag="906" ind1=" " ind2=" ">
    <subfield code="a">7</subfield>
    <subfield code="b">cbc</subfield>
    <subfield code="c">orignew</subfield>
    <subfield code="d">1</subfield>
    <subfield code="e">ecip</subfield>
    <subfield code="f">20</subfield>
    <subfield code="g">y-gencatlg</subfield>
  </datafield>
  <datafield tag="925" ind1="0" ind2=" ">
    <subfield code="a">acquire</subfield>
    <subfield code="b">1 shelf copy</subfield>
    <subfield code="x">policy default</subfield>
    <subfield code="e">claim1  2016-04-05</subfield>
  </datafield>
  <datafield tag="955" ind1=" " ind2=" ">
    <subfield code="a">CU-S</subfield>
    <subfield code="e">rm15 2015-05-20 to Dewey</subfield>
    <subfield code="w">xl03 2015-05-20</subfield>
    <subfield code="a">xn12 2016-06-17 1 copy rec&apos;d., to CIP ver.</subfield>
    <subfield code="f">rm06 2016-06-20 to CALM OT</subfield>
  </datafield>
  <datafield tag="010" ind1=" " ind2=" ">
    <subfield code="a">  2015018715</subfield>
  </datafield>
  <datafield tag="020" ind1=" " ind2=" ">
    <subfield code="a">9780520283435 (cloth : alk. paper)</subfield>
  </datafield>
  <datafield tag="020" ind1=" " ind2=" ">
    <subfield code="a">0520283430 (cloth : alk. paper)</subfield>
  </datafield>
  <datafield tag="020" ind1=" " ind2=" ">
    <subfield code="a">9780520283442 (pbk. : alk. paper)</subfield>
  </datafield>
  <datafield tag="020" ind1=" " ind2=" ">
    <subfield code="a">0520283449 (pbk. : alk. paper)</subfield>
  </datafield>
  <datafield tag="020" ind1=" " ind2=" ">
    <subfield code="z">9780520959293 (ebook)</subfield>
  </datafield>
  <datafield tag="020" ind1=" " ind2=" ">
    <subfield code="z">0520959299 (ebook)</subfield>
  </datafield>
  <datafield tag="040" ind1=" " ind2=" ">
    <subfield code="a">CU-S/DLC</subfield>
    <subfield code="b">eng</subfield>
    <subfield code="c">CU-S</subfield>
    <subfield code="e">rda</subfield>
    <subfield code="d">DLC</subfield>
  </datafield>
  <datafield tag="050" ind1="0" ind2="0">
    <subfield code="a">HD8039.F32</subfield>
    <subfield code="b">U64845 2016</subfield>
  </datafield>
  <datafield tag="082" ind1="0" ind2="0">
    <subfield code="a">362.5/57097945</subfield>
    <subfield code="2">23</subfield>
  </datafield>
  <datafield tag="100" ind1="1" ind2=" ">
    <subfield code="a">Kohl-Arenas, Erica,</subfield>
    <subfield code="d">1968-</subfield>
    <subfield code="e">author.</subfield>
  </datafield>
  <datafield tag="245" ind1="1" ind2="4">
    <subfield code="a">The self-help myth :</subfield>
    <subfield code="b">how philanthropy fails to alleviate poverty /</subfield>
    <subfield code="c">Erica Kohl-Arenas.</subfield>
  </datafield>
  <datafield tag="246" ind1="1" ind2=" ">
    <subfield code="a">How philanthropy fails to alleviate poverty</subfield>
  </datafield>
  <datafield tag="264" ind1=" " ind2="1">
    <subfield code="a">Oakland, California :</subfield>
    <subfield code="b">University of California Press,</subfield>
    <subfield code="c">[2016]</subfield>
  </datafield>
  <datafield tag="300" ind1=" " ind2=" ">
    <subfield code="a">xix, 252 pages ;</subfield>
    <subfield code="c">22 cm.</subfield>
  </datafield>
  <datafield tag="336" ind1=" " ind2=" ">
    <subfield code="a">text</subfield>
    <subfield code="2">rdacontent</subfield>
  </datafield>
  <datafield tag="337" ind1=" " ind2=" ">
    <subfield code="a">unmediated</subfield>
    <subfield code="2">rdamedia</subfield>
  </datafield>
  <datafield tag="338" ind1=" " ind2=" ">
    <subfield code="a">volume</subfield>
    <subfield code="2">rdacarrier</subfield>
  </datafield>
  <datafield tag="490" ind1="0" ind2=" ">
    <subfield code="a">Poverty, Interrupted ;</subfield>
    <subfield code="v">1</subfield>
  </datafield>
  <datafield tag="504" ind1=" " ind2=" ">
    <subfield code="a">Includes bibliographical references (pages 223-237) and index.</subfield>
  </datafield>
  <datafield tag="505" ind1="0" ind2=" ">
    <subfield code="a">Private philanthropy and the self-help myth -- The hustling arm of the union : nonprofit institutionalization and the compromises of Cesar Chavez -- Foundation driven initiatives : civic participation for what? -- Selling mutual prosperity : worker-grower partnerships and the &quot;win-win paradigm.&quot;</subfield>
  </datafield>
  <datafield tag="520" ind1=" " ind2=" ">
    <subfield code="a">&quot;The Self-Help Myth reveals how philanthropy maintains systems of inequality by attracting attention to the behaviors and responsibilities of poor people while shifting the focus away from structural inequities and relationships of power that produce poverty. The book features foundation investments in addressing migrant poverty in California&apos;s Central Valley, simultaneously one of the wealthiest agricultural production regions in the world and home to the poorest people in the United States. The case studies show how compromises between foundation staff and community organizers produce programs that ask farmworkers to help themselves while excluding strategies that address the role of industrial agriculture in creating and maintaining regional poverty. Through archival and ethnographic case studies of foundation investments leading up to the historic Farm Worker Movement, to large scale foundation-driven initiatives to improve conditions in agricultural communities during the 1990s and 2000s, foundations set firm boundaries around definitions of self-help - excluding labor organizing, immigrant rights, and advocacy approaches that hold industry accountable for the enduring abuses of farmworkers and immigrants. Processes of professionalization and institutionalization required to maintain philanthropic relationships further frustrate nonprofit organizational staff increasingly accountable to foundations and not to the people they aim to represent and serve.&quot;--Provided by publisher.</subfield>
  </datafield>
  <datafield tag="650" ind1=" " ind2="0">
    <subfield code="a">Farmers</subfield>
    <subfield code="z">California</subfield>
    <subfield code="z">Central Valley (Valley)</subfield>
  </datafield>
  <datafield tag="650" ind1=" " ind2="0">
    <subfield code="a">Charities</subfield>
    <subfield code="z">California</subfield>
    <subfield code="z">Central Valley (Valley)</subfield>
    <subfield code="v">Case studies.</subfield>
  </datafield>
  <datafield tag="650" ind1=" " ind2="0">
    <subfield code="a">Poverty</subfield>
    <subfield code="z">California</subfield>
    <subfield code="z">Central Valley (Valley)</subfield>
  </datafield>
  <datafield tag="650" ind1=" " ind2="0">
    <subfield code="a">Immigrants</subfield>
    <subfield code="z">California</subfield>
    <subfield code="z">Central Valley (Valley)</subfield>
  </datafield>
  <datafield tag="651" ind1=" " ind2="0">
    <subfield code="a">California</subfield>
    <subfield code="x">Economic conditions</subfield>
    <subfield code="y">20th century.</subfield>
  </datafield>
  <datafield tag="651" ind1=" " ind2="0">
    <subfield code="a">California</subfield>
    <subfield code="x">Economic conditions</subfield>
    <subfield code="y">21st century.</subfield>
  </datafield>
  <datafield tag="985" ind1=" " ind2=" ">
    <subfield code="a">CU-SCIP</subfield>
    <subfield code="d">2015-05-19</subfield>
  </datafield>
</record>