
<record>
  <leader>03744cam a22003497i 4500</leader>
  <controlfield tag="001">18622686</controlfield>
  <controlfield tag="005">20200103150455.0</controlfield>
  <controlfield tag="008">150519s2016    enk      b    001 0 eng  </controlfield>
  <datafield tag="906" ind1=" " ind2=" ">
    <subfield code="a">7</subfield>
    <subfield code="b">cbc</subfield>
    <subfield code="c">orignew</subfield>
    <subfield code="d">1</subfield>
    <subfield code="e">ecip</subfield>
    <subfield code="f">20</subfield>
    <subfield code="g">y-gencatlg</subfield>
  </datafield>
  <datafield tag="925" ind1="0" ind2=" ">
    <subfield code="a">acquire</subfield>
    <subfield code="b">1 shelf copy</subfield>
    <subfield code="x">policy default</subfield>
  </datafield>
  <datafield tag="955" ind1=" " ind2=" ">
    <subfield code="b">rk14 2015-05-19</subfield>
    <subfield code="c">rk14 2015-05-19 telework to subj</subfield>
    <subfield code="d">re23 2015-06-15 (telework) to Dewey</subfield>
    <subfield code="w">xb07 2015-06-16</subfield>
    <subfield code="a">xn05 2015-10-26 1 copy rec&apos;d., to CIP ver.</subfield>
    <subfield code="f">rm06 2015-12-10 to CALM</subfield>
  </datafield>
  <datafield tag="010" ind1=" " ind2=" ">
    <subfield code="a">  2015006436</subfield>
  </datafield>
  <datafield tag="020" ind1=" " ind2=" ">
    <subfield code="a">9781138830080 (hardback)</subfield>
  </datafield>
  <datafield tag="020" ind1=" " ind2=" ">
    <subfield code="z">9781315737430 (ebook)</subfield>
  </datafield>
  <datafield tag="040" ind1=" " ind2=" ">
    <subfield code="a">DLC</subfield>
    <subfield code="b">eng</subfield>
    <subfield code="c">DLC</subfield>
    <subfield code="e">rda</subfield>
    <subfield code="d">DLC</subfield>
  </datafield>
  <datafield tag="050" ind1="0" ind2="0">
    <subfield code="a">HT391</subfield>
    <subfield code="b">.C85 2016</subfield>
  </datafield>
  <datafield tag="082" ind1="0" ind2="0">
    <subfield code="a">307.1/2</subfield>
    <subfield code="2">23</subfield>
  </datafield>
  <datafield tag="245" ind1="0" ind2="0">
    <subfield code="a">Cultural sustainability and regional development :</subfield>
    <subfield code="b">theories and practices of territorialism /</subfield>
    <subfield code="c">edited by Joost Dessein, Elena Battaglini and Lummina Horlings.</subfield>
  </datafield>
  <datafield tag="264" ind1=" " ind2="1">
    <subfield code="a">Abingdon, Oxon ;</subfield>
    <subfield code="a">New York, NY :</subfield>
    <subfield code="b">Routledge, is an imprint of the Taylor &amp; Francis Group, an Informa business,</subfield>
    <subfield code="c">2016.</subfield>
  </datafield>
  <datafield tag="300" ind1=" " ind2=" ">
    <subfield code="a">xiv, 267 pages ;</subfield>
    <subfield code="c">24 cm</subfield>
  </datafield>
  <datafield tag="336" ind1=" " ind2=" ">
    <subfield code="a">text</subfield>
    <subfield code="b">txt</subfield>
    <subfield code="2">rdacontent</subfield>
  </datafield>
  <datafield tag="337" ind1=" " ind2=" ">
    <subfield code="a">unmediated</subfield>
    <subfield code="b">n</subfield>
    <subfield code="2">rdamedia</subfield>
  </datafield>
  <datafield tag="338" ind1=" " ind2=" ">
    <subfield code="a">volume</subfield>
    <subfield code="b">nc</subfield>
    <subfield code="2">rdacarrier</subfield>
  </datafield>
  <datafield tag="505" ind1="0" ind2=" ">
    <subfield code="a">Introduction : The role of culture in territorialisation / Lummina G. Horlings, Elena Battaglini and Joost Dessein -- Sustainable Places : Place as a Vector of Culture : Two cases from Mexico / Michael Redclift and David Manuel-Navarrete -- Territorialisation and the Assemblage of Rural Place : Examples from Canada and New Zealand / Michael Woods -- The Worldview and Symbolic Dimension in Territorialisation : How Human Values Play a Role in a Dutch Neighbourhood / Lummina Horlings -- Nature and Culture in Territorialisation Processes : Challenges and Insights from a Case-study in Serbia / Elena Battaglini and Marjia Babovic -- Territoriality as Appropriation of Space : How Engaging with Space Frames Sociality / Leonardo Chiesi -- Exploring Culture and Sustainability in Rural Finland / Mari Kivitalo, Kaisu Kumpulainen and Katriina Soini -- Territorialisation in Practice : The Case of Saffron Cultivation in Morocco / Joost Dessein -- Is There a Place for Place? : How Spaces and Places are Included in the Measures of Sustainable Development and Wellbeing / Annalisa Cicerchia -- Making Territory through Cultural Mapping and Co-Design : How Community Practices Promote Territorialisation / Leonardo Chiesi and Paolo Costa -- How to Scale a Territory? : Experiences from the U.S. / Frans Padt -- Culture matters : Planning Processes and Approaches towards Urban Resilience in European Cities and Urban Regions : Two Examples from Brussels and Ljubljana / Jenny Atmanagara -- Re-Creating and Celebrating Place(s) in Designated Space(s) : The Case of Wales / Eifiona Thomas Lane, Siân Pierce, Arwel Jones and Ian Harris -- Local Maize Practices and the Culture of Seed in Luoland, West Kenya / Paul Hebinck, Nelson Mango and Hellen Kimanthi -- Les Jardins Partagés in Paris : Cultivating Space, Community and Sustainable Way of Life / Monica Caggiano -- A European Valley in South America : Regionalisation, colonisation, and environmental inequalities in Santa Catarina, Brazil / Luciano Félix Florit, Lilian Blanck de Oliveira, Reinaldo Matias Fleuri and Rodrigo Wartha -- Conclusions : Territorialisation, a Challenging Concept for Framing Regional Development / Elena Battaglini, Lummina G. Horlings and Joost Dessein.</subfield>
  </datafield>
  <datafield tag="504" ind1=" " ind2=" ">
    <subfield code="a">Includes bibliographical references and index.</subfield>
  </datafield>
  <datafield tag="650" ind1=" " ind2="0">
    <subfield code="a">Regional planning</subfield>
    <subfield code="x">Social aspects</subfield>
    <subfield code="v">Case studies.</subfield>
  </datafield>
  <datafield tag="650" ind1=" " ind2="0">
    <subfield code="a">Cultural policy</subfield>
    <subfield code="v">Case studies.</subfield>
  </datafield>
  <datafield tag="650" ind1="0" ind2="0">
    <subfield code="a">Sustainable development</subfield>
    <subfield code="v">Case studies.</subfield>
  </datafield>
  <datafield tag="650" ind1=" " ind2="0">
    <subfield code="a">Human ecology</subfield>
    <subfield code="v">Case studies.</subfield>
  </datafield>
  <datafield tag="700" ind1="1" ind2=" ">
    <subfield code="a">Dessein, Joost,</subfield>
    <subfield code="d">1971-</subfield>
  </datafield>
  <datafield tag="700" ind1="1" ind2=" ">
    <subfield code="a">Battaglini, Elena.</subfield>
  </datafield>
  <datafield tag="700" ind1="1" ind2=" ">
    <subfield code="a">Horlings, Lummina.</subfield>
  </datafield>
</record>