
<record>
  <leader>02912cam a2200637 i 4500</leader>
  <controlfield tag="001">18627805</controlfield>
  <controlfield tag="005">20200103143026.0</controlfield>
  <controlfield tag="008">150522s2001    si       b    000 0beng d</controlfield>
  <datafield tag="906" ind1=" " ind2=" ">
    <subfield code="a">7</subfield>
    <subfield code="b">cbc</subfield>
    <subfield code="c">copycat</subfield>
    <subfield code="d">3</subfield>
    <subfield code="e">ncip</subfield>
    <subfield code="f">20</subfield>
    <subfield code="g">y-nonroman</subfield>
  </datafield>
  <datafield tag="925" ind1="0" ind2=" ">
    <subfield code="a">acquire</subfield>
    <subfield code="b">1 shelf copy</subfield>
    <subfield code="x">policy default</subfield>
  </datafield>
  <datafield tag="955" ind1=" " ind2=" ">
    <subfield code="b">cc00 2015-05-22 z-processor JACKPHY</subfield>
  </datafield>
  <datafield tag="010" ind1=" " ind2=" ">
    <subfield code="a">  2015432000</subfield>
  </datafield>
  <datafield tag="020" ind1=" " ind2=" ">
    <subfield code="a">9810438451</subfield>
  </datafield>
  <datafield tag="020" ind1=" " ind2=" ">
    <subfield code="a">9789810438456</subfield>
  </datafield>
  <datafield tag="035" ind1=" " ind2=" ">
    <subfield code="a">(OCoLC)ocm48911451</subfield>
  </datafield>
  <datafield tag="040" ind1=" " ind2=" ">
    <subfield code="a">OUN</subfield>
    <subfield code="b">eng</subfield>
    <subfield code="c">OUN</subfield>
    <subfield code="d">HUA</subfield>
    <subfield code="d">OCLCG</subfield>
    <subfield code="d">AU@</subfield>
    <subfield code="d">OCLCF</subfield>
    <subfield code="d">OCLCQ</subfield>
    <subfield code="d">OCLCO</subfield>
    <subfield code="d">DLC</subfield>
    <subfield code="e">rda</subfield>
  </datafield>
  <datafield tag="041" ind1="0" ind2=" ">
    <subfield code="a">eng</subfield>
    <subfield code="a">chi</subfield>
  </datafield>
  <datafield tag="042" ind1=" " ind2=" ">
    <subfield code="a">lccopycat</subfield>
  </datafield>
  <datafield tag="043" ind1=" " ind2=" ">
    <subfield code="a">a-cc---</subfield>
    <subfield code="a">as-----</subfield>
  </datafield>
  <datafield tag="082" ind1="0" ind2="4">
    <subfield code="a">951.02092</subfield>
    <subfield code="2">21</subfield>
  </datafield>
  <datafield tag="050" ind1="0" ind2="0">
    <subfield code="a">DS753.6.C48</subfield>
    <subfield code="b">Z433 2001</subfield>
  </datafield>
  <datafield tag="100" ind1="1" ind2=" ">
    <subfield code="6">880-01</subfield>
    <subfield code="a">Zhao, Lingyang.</subfield>
  </datafield>
  <datafield tag="880" ind1="1" ind2=" ">
    <subfield code="6">100-01</subfield>
    <subfield code="a">赵令扬.</subfield>
  </datafield>
  <datafield tag="245" ind1="1" ind2="0">
    <subfield code="6">880-02</subfield>
    <subfield code="a">Zheng He, navigator, discoverer and diplomat /</subfield>
    <subfield code="c">Chiu Ling-yeong ; Chuan tong Zhongguo zhi shi fen zi de &quot;jia&quot;, &quot;guo&quot; guan nian / Zhao Lingyang.</subfield>
  </datafield>
  <datafield tag="880" ind1="1" ind2="0">
    <subfield code="6">245-02</subfield>
    <subfield code="a">Zheng He, navigator, discoverer and diplomat /</subfield>
    <subfield code="c">by Chiu Ling-yeong ; 传统中国知识分子的&quot;家&quot;, &quot;国&quot;观念 / 赵令扬.</subfield>
  </datafield>
  <datafield tag="246" ind1="1" ind2=" ">
    <subfield code="6">880-03</subfield>
    <subfield code="i">Title on page 1 of Chinese text:</subfield>
    <subfield code="a">Zhongguo zhi shi fen zi de &quot;jia&quot;, &quot;guo&quot; guan nian</subfield>
  </datafield>
  <datafield tag="880" ind1="1" ind2=" ">
    <subfield code="6">246-03</subfield>
    <subfield code="i">Title on page 1 of Chinese text:</subfield>
    <subfield code="a">中国知识分子的&quot;家&quot;, &quot;国&quot;观念</subfield>
  </datafield>
  <datafield tag="264" ind1=" " ind2="1">
    <subfield code="a">Singapore :</subfield>
    <subfield code="b">Unipress,</subfield>
    <subfield code="c">2001.</subfield>
  </datafield>
  <datafield tag="300" ind1=" " ind2=" ">
    <subfield code="a">27, 20 pages ;</subfield>
    <subfield code="c">22 cm.</subfield>
  </datafield>
  <datafield tag="336" ind1=" " ind2=" ">
    <subfield code="a">text</subfield>
    <subfield code="b">txt</subfield>
    <subfield code="2">rdacontent</subfield>
  </datafield>
  <datafield tag="337" ind1=" " ind2=" ">
    <subfield code="a">unmediated</subfield>
    <subfield code="b">n</subfield>
    <subfield code="2">rdamedia</subfield>
  </datafield>
  <datafield tag="338" ind1=" " ind2=" ">
    <subfield code="a">volume</subfield>
    <subfield code="b">nc</subfield>
    <subfield code="2">rdacarrier</subfield>
  </datafield>
  <datafield tag="490" ind1="1" ind2=" ">
    <subfield code="a">Wu Teh Yao memorial lectures 2000</subfield>
  </datafield>
  <datafield tag="500" ind1=" " ind2=" ">
    <subfield code="a">Pages numbered in opposite directions.</subfield>
  </datafield>
  <datafield tag="500" ind1=" " ind2=" ">
    <subfield code="a">Issued by the Centre for the Arts, National University of Singapore.</subfield>
  </datafield>
  <datafield tag="504" ind1=" " ind2=" ">
    <subfield code="a">Includes bibliographical references.</subfield>
  </datafield>
  <datafield tag="546" ind1=" " ind2=" ">
    <subfield code="a">Zheng He, navigator, discoverer and diplomat in English and Chuan tong Zhongguo zhi shi fen zi de &quot;jia&quot;, &quot;guo&quot; guan nian in Chinese.</subfield>
  </datafield>
  <datafield tag="600" ind1="1" ind2="0">
    <subfield code="6">880-04</subfield>
    <subfield code="a">Zheng, He,</subfield>
    <subfield code="d">1371-1435</subfield>
    <subfield code="x">Travel</subfield>
    <subfield code="z">Southeast Asia.</subfield>
  </datafield>
  <datafield tag="880" ind1="1" ind2="4">
    <subfield code="6">600-04</subfield>
    <subfield code="a">郑和,</subfield>
    <subfield code="d">1371-1435</subfield>
    <subfield code="x">Travel</subfield>
    <subfield code="z">Southeast Asia.</subfield>
  </datafield>
  <datafield tag="650" ind1=" " ind2="0">
    <subfield code="a">Statesmen</subfield>
    <subfield code="z">China</subfield>
    <subfield code="v">Biography.</subfield>
  </datafield>
  <datafield tag="650" ind1=" " ind2="0">
    <subfield code="a">Explorers</subfield>
    <subfield code="z">China</subfield>
    <subfield code="v">Biography.</subfield>
  </datafield>
  <datafield tag="650" ind1=" " ind2="0">
    <subfield code="a">Intellectuals</subfield>
    <subfield code="z">China</subfield>
    <subfield code="x">History.</subfield>
  </datafield>
  <datafield tag="600" ind1="1" ind2="7">
    <subfield code="a">Zheng, He,</subfield>
    <subfield code="d">1371-1435</subfield>
    <subfield code="2">fast</subfield>
    <subfield code="0">(OCoLC)fst00070354</subfield>
  </datafield>
  <datafield tag="650" ind1=" " ind2="7">
    <subfield code="a">Explorers.</subfield>
    <subfield code="2">fast</subfield>
    <subfield code="0">(OCoLC)fst00918556</subfield>
  </datafield>
  <datafield tag="650" ind1=" " ind2="7">
    <subfield code="a">Intellectuals.</subfield>
    <subfield code="2">fast</subfield>
    <subfield code="0">(OCoLC)fst00975799</subfield>
  </datafield>
  <datafield tag="650" ind1=" " ind2="7">
    <subfield code="a">Statesmen.</subfield>
    <subfield code="2">fast</subfield>
    <subfield code="0">(OCoLC)fst01131990</subfield>
  </datafield>
  <datafield tag="650" ind1=" " ind2="7">
    <subfield code="a">Travel.</subfield>
    <subfield code="2">fast</subfield>
    <subfield code="0">(OCoLC)fst01155558</subfield>
  </datafield>
  <datafield tag="651" ind1=" " ind2="7">
    <subfield code="a">China.</subfield>
    <subfield code="2">fast</subfield>
    <subfield code="0">(OCoLC)fst01206073</subfield>
  </datafield>
  <datafield tag="651" ind1=" " ind2="7">
    <subfield code="a">Southeast Asia.</subfield>
    <subfield code="2">fast</subfield>
    <subfield code="0">(OCoLC)fst01240499</subfield>
  </datafield>
  <datafield tag="655" ind1=" " ind2="7">
    <subfield code="a">Biography.</subfield>
    <subfield code="2">fast</subfield>
    <subfield code="0">(OCoLC)fst01423686</subfield>
  </datafield>
  <datafield tag="655" ind1=" " ind2="7">
    <subfield code="a">History.</subfield>
    <subfield code="2">fast</subfield>
    <subfield code="0">(OCoLC)fst01411628</subfield>
  </datafield>
  <datafield tag="700" ind1="1" ind2=" ">
    <subfield code="a">Chiu, Ling-yeong.</subfield>
  </datafield>
  <datafield tag="710" ind1="2" ind2=" ">
    <subfield code="a">National University of Singapore.</subfield>
    <subfield code="b">Centre for the Arts.</subfield>
  </datafield>
  <datafield tag="740" ind1="0" ind2="2">
    <subfield code="6">880-05</subfield>
    <subfield code="a">Chuan tong Zhongguo zhi shi fen zi de &quot;jia&quot;, &quot;guo&quot; guan nian.</subfield>
  </datafield>
  <datafield tag="880" ind1="0" ind2="2">
    <subfield code="6">740-05</subfield>
    <subfield code="a">传统中国知识分子的&quot;家&quot;, &quot;国&quot;观念.</subfield>
  </datafield>
  <datafield tag="830" ind1=" " ind2="0">
    <subfield code="a">Wu Teh Yao memorial lectures.</subfield>
  </datafield>
</record>