
<record>
  <leader>02853cam a22003977i 4500</leader>
  <controlfield tag="001">18630876</controlfield>
  <controlfield tag="005">20200103120627.0</controlfield>
  <controlfield tag="008">150523t20152015onca     b    000 0 eng c</controlfield>
  <datafield tag="906" ind1=" " ind2=" ">
    <subfield code="a">7</subfield>
    <subfield code="b">cbc</subfield>
    <subfield code="c">pccadap</subfield>
    <subfield code="d">3</subfield>
    <subfield code="e">ncip</subfield>
    <subfield code="f">20</subfield>
    <subfield code="g">y-gencatlg</subfield>
  </datafield>
  <datafield tag="925" ind1="0" ind2=" ">
    <subfield code="a">acquire</subfield>
    <subfield code="b">1 shelf copy</subfield>
    <subfield code="x">policy default</subfield>
  </datafield>
  <datafield tag="955" ind1=" " ind2=" ">
    <subfield code="b">hc06 2015-05-23 z-processor (O.T.)</subfield>
    <subfield code="i">hc08 2015-10-07 to BCCD</subfield>
  </datafield>
  <datafield tag="010" ind1=" " ind2=" ">
    <subfield code="a">  2015376688</subfield>
  </datafield>
  <datafield tag="016" ind1=" " ind2=" ">
    <subfield code="a">20159016770</subfield>
  </datafield>
  <datafield tag="020" ind1=" " ind2=" ">
    <subfield code="a">9781926452159 (paperback)</subfield>
  </datafield>
  <datafield tag="035" ind1=" " ind2=" ">
    <subfield code="a">(OCoLC)ocn899159730</subfield>
  </datafield>
  <datafield tag="040" ind1=" " ind2=" ">
    <subfield code="a">NLC</subfield>
    <subfield code="b">eng</subfield>
    <subfield code="c">NLC</subfield>
    <subfield code="e">rda</subfield>
    <subfield code="d">YDXCP</subfield>
    <subfield code="d">OCLCO</subfield>
    <subfield code="d">OCLCF</subfield>
    <subfield code="d">CDX</subfield>
    <subfield code="d">COD</subfield>
    <subfield code="d">DLC</subfield>
  </datafield>
  <datafield tag="050" ind1="0" ind2="0">
    <subfield code="a">HQ1155</subfield>
    <subfield code="b">.T457 2015</subfield>
  </datafield>
  <datafield tag="245" ind1="0" ind2="0">
    <subfield code="a">This is what a feminist slut looks like :</subfield>
    <subfield code="b">perspectives on the SlutWalk movement /</subfield>
    <subfield code="c">edited by Alyssa Teekah, Erika Jane Scholz, May Friedman, and Andrea O&apos;Reilly.</subfield>
  </datafield>
  <datafield tag="264" ind1=" " ind2="1">
    <subfield code="a">Bradford, ON, Canada :</subfield>
    <subfield code="b">Demeter Press,</subfield>
    <subfield code="c">[2015]</subfield>
  </datafield>
  <datafield tag="264" ind1=" " ind2="4">
    <subfield code="c">©2015</subfield>
  </datafield>
  <datafield tag="300" ind1=" " ind2=" ">
    <subfield code="a">xi, 227 pages :</subfield>
    <subfield code="b">illustrations ;</subfield>
    <subfield code="c">23 cm</subfield>
  </datafield>
  <datafield tag="336" ind1=" " ind2=" ">
    <subfield code="a">text</subfield>
    <subfield code="b">txt</subfield>
    <subfield code="2">rdacontent</subfield>
  </datafield>
  <datafield tag="337" ind1=" " ind2=" ">
    <subfield code="a">unmediated</subfield>
    <subfield code="b">n</subfield>
    <subfield code="2">rdamedia</subfield>
  </datafield>
  <datafield tag="338" ind1=" " ind2=" ">
    <subfield code="a">volume</subfield>
    <subfield code="b">nc</subfield>
    <subfield code="2">rdacarrier</subfield>
  </datafield>
  <datafield tag="504" ind1=" " ind2=" ">
    <subfield code="a">Includes bibliographical references.</subfield>
  </datafield>
  <datafield tag="520" ind1=" " ind2=" ">
    <subfield code="a">&quot;In April 2011, a team of five people put together Slutwalk Toronto, a protest responding to slut shaming and victim blaming culture, exemplified by a recent event at Osgoode Hall Law School at York University. In the name of campus &quot;safety,&quot; Toronto Police Constable Michael Sanguinetti advised &quot;women should avoid dressing like sluts in order to not be victimized.&quot; The sentiment of those in the over 3,000 crowd that day were shared by folks around the globe - leading to over 200 Slutwalks internationally and the establishment of &quot;Slutwalk&quot; organizing groups. This collection engenders a critical engagement with the global phenomenon of the Slutwalk Movement, considering both its strengths and limitations. The chapters take up Slutwalk through a feminist lens (broadly defined) considering Slutwalk as a successful social movement, a site of tremendous controversy, and an ongoing discussion among and between waves of feminists across the life cycle and across the globe. Through poetry, photography, scholarly articles, creative non-fiction, personal essays, the collection seeks to unpack the discursive performance of Slutwalk as well as explore the experiences of people who attended various and diverse Slutwalks marches/protests in North America and Asia.&quot;--</subfield>
    <subfield code="c">Provided by publisher.</subfield>
  </datafield>
  <datafield tag="650" ind1=" " ind2="0">
    <subfield code="a">Feminism.</subfield>
  </datafield>
  <datafield tag="650" ind1=" " ind2="0">
    <subfield code="a">Feminists.</subfield>
  </datafield>
  <datafield tag="650" ind1=" " ind2="7">
    <subfield code="a">Feminism.</subfield>
    <subfield code="2">fast</subfield>
    <subfield code="0">(OCoLC)fst00922671</subfield>
  </datafield>
  <datafield tag="650" ind1=" " ind2="7">
    <subfield code="a">Feminists.</subfield>
    <subfield code="2">fast</subfield>
    <subfield code="0">(OCoLC)fst00922831</subfield>
  </datafield>
  <datafield tag="650" ind1=" " ind2="0">
    <subfield code="a">Slutwalks (Demonstrations)</subfield>
  </datafield>
  <datafield tag="700" ind1="1" ind2=" ">
    <subfield code="a">Teekah, Alyssa,</subfield>
    <subfield code="d">1988-</subfield>
    <subfield code="e">author,</subfield>
    <subfield code="e">editor.</subfield>
  </datafield>
  <datafield tag="700" ind1="1" ind2=" ">
    <subfield code="a">Scholz, Erika Jane,</subfield>
    <subfield code="d">1983-</subfield>
    <subfield code="e">author,</subfield>
    <subfield code="e">editor.</subfield>
  </datafield>
  <datafield tag="700" ind1="1" ind2=" ">
    <subfield code="a">Friedman, May,</subfield>
    <subfield code="d">1975-</subfield>
    <subfield code="e">author,</subfield>
    <subfield code="e">editor.</subfield>
  </datafield>
  <datafield tag="700" ind1="1" ind2=" ">
    <subfield code="a">O&apos;Reilly, Andrea,</subfield>
    <subfield code="d">1961-</subfield>
    <subfield code="e">author,</subfield>
    <subfield code="e">editor.</subfield>
  </datafield>
  <datafield tag="923" ind1=" " ind2=" ">
    <subfield code="a">purchase</subfield>
    <subfield code="d">2015-05-15</subfield>
    <subfield code="n">I-20085310</subfield>
    <subfield code="s">Coutts</subfield>
  </datafield>
</record>