
<record>
  <leader>03325cam a22004097i 4500</leader>
  <controlfield tag="001">18631679</controlfield>
  <controlfield tag="005">20200103120628.0</controlfield>
  <controlfield tag="008">150526s2015    gw a     b    101 0 ger c</controlfield>
  <datafield tag="906" ind1=" " ind2=" ">
    <subfield code="a">7</subfield>
    <subfield code="b">cbc</subfield>
    <subfield code="c">pccadap</subfield>
    <subfield code="d">3</subfield>
    <subfield code="e">ncip</subfield>
    <subfield code="f">20</subfield>
    <subfield code="g">y-gencatlg</subfield>
  </datafield>
  <datafield tag="925" ind1="0" ind2=" ">
    <subfield code="a">Acquire</subfield>
    <subfield code="b">1 shelf copies</subfield>
    <subfield code="x">policy default</subfield>
  </datafield>
  <datafield tag="955" ind1=" " ind2=" ">
    <subfield code="b">rk07 2015-05-26 z-processor</subfield>
    <subfield code="i">rk07 2015-05-28 to DEWEY</subfield>
  </datafield>
  <datafield tag="010" ind1=" " ind2=" ">
    <subfield code="a">  2014466851</subfield>
  </datafield>
  <datafield tag="020" ind1=" " ind2=" ">
    <subfield code="a">9783110371239</subfield>
    <subfield code="q">(hd. bd.)</subfield>
  </datafield>
  <datafield tag="020" ind1=" " ind2=" ">
    <subfield code="a">3110371235</subfield>
    <subfield code="q">(hd. bd.)</subfield>
  </datafield>
  <datafield tag="020" ind1=" " ind2=" ">
    <subfield code="a">9783110371222</subfield>
    <subfield code="q">(PDF :</subfield>
    <subfield code="q">online)</subfield>
  </datafield>
  <datafield tag="020" ind1=" " ind2=" ">
    <subfield code="a">3110371227</subfield>
    <subfield code="q">(PDF :</subfield>
    <subfield code="q">online)</subfield>
  </datafield>
  <datafield tag="035" ind1=" " ind2=" ">
    <subfield code="a">(OCoLC)ocn903003447</subfield>
  </datafield>
  <datafield tag="040" ind1=" " ind2=" ">
    <subfield code="a">OHX</subfield>
    <subfield code="b">eng</subfield>
    <subfield code="c">OHX</subfield>
    <subfield code="e">rda</subfield>
    <subfield code="d">OCLCO</subfield>
    <subfield code="d">OCLCQ</subfield>
    <subfield code="d">INU</subfield>
    <subfield code="d">YDXCP</subfield>
    <subfield code="d">DLC</subfield>
  </datafield>
  <datafield tag="043" ind1=" " ind2=" ">
    <subfield code="a">e------</subfield>
  </datafield>
  <datafield tag="050" ind1="0" ind2="0">
    <subfield code="a">BX2470</subfield>
    <subfield code="b">.K33 2015</subfield>
  </datafield>
  <datafield tag="245" ind1="0" ind2="0">
    <subfield code="a">Karolingische Klöster :</subfield>
    <subfield code="b">Wissenstransfer und kulturelle Innovation /</subfield>
    <subfield code="c">herausgegeben von Julia Becker, Tino Licht und Stefan Weinfurter.</subfield>
  </datafield>
  <datafield tag="264" ind1=" " ind2="1">
    <subfield code="a">Berlin :</subfield>
    <subfield code="b">De Gruyter,</subfield>
    <subfield code="c">[2015].</subfield>
  </datafield>
  <datafield tag="300" ind1=" " ind2=" ">
    <subfield code="a">vi, 307 pages :</subfield>
    <subfield code="b">color illustrations ;</subfield>
    <subfield code="c">25 cm.</subfield>
  </datafield>
  <datafield tag="336" ind1=" " ind2=" ">
    <subfield code="a">text</subfield>
    <subfield code="b">txt</subfield>
    <subfield code="2">rdacontent</subfield>
  </datafield>
  <datafield tag="337" ind1=" " ind2=" ">
    <subfield code="a">unmediated</subfield>
    <subfield code="b">n</subfield>
    <subfield code="2">rdamedia</subfield>
  </datafield>
  <datafield tag="338" ind1=" " ind2=" ">
    <subfield code="a">volume</subfield>
    <subfield code="b">nc</subfield>
    <subfield code="2">rdacarrier</subfield>
  </datafield>
  <datafield tag="490" ind1="1" ind2=" ">
    <subfield code="a">Materiale Textkulturen ;</subfield>
    <subfield code="v">Band 4</subfield>
  </datafield>
  <datafield tag="500" ind1=" " ind2=" ">
    <subfield code="a">Proceedings of a conference held October 31-November 2, 2015 at the Museumszentrum Lorsch, Germany.</subfield>
  </datafield>
  <datafield tag="504" ind1=" " ind2=" ">
    <subfield code="a">Includes bibliographical references and indexes.</subfield>
  </datafield>
  <datafield tag="505" ind1="0" ind2="0">
    <subfield code="t">Wissenstransfer und kulturelle Innovation in karolingischer Zeit--</subfield>
    <subfield code="t">Einleitung /</subfield>
    <subfield code="r">Stefan Weinfurter --</subfield>
    <subfield code="t">Überlieferung durch die Hintertür? Die Tradition klassischer lateinischer Autoren als Rekonstruktion des Wissenshintergrunds der Kirchenväter /</subfield>
    <subfield code="r">Ulrich Eigler --</subfield>
    <subfield code="t">Subscriptiones in karolingischen Codices /</subfield>
    <subfield code="r">Kirsten Wallenwein --</subfield>
    <subfield code="t">Bücher, Götter und Leser : Theodulfs Carmen 45 /</subfield>
    <subfield code="r">Carmen Cardelle de Hartmann --</subfield>
    <subfield code="t">Die Bibliothek des Mittelalters als Wissensraum : Kanonizität und strukturelle Mobilisierung /</subfield>
    <subfield code="r">Michael Embach --</subfield>
    <subfield code="t">Präzens, Normierung und Transfer von Wissen : Lorsch als &quot;patristische Zentralbibliothek&quot; /</subfield>
    <subfield code="r">Julia Becker --</subfield>
    <subfield code="t">Von Buchstaben und Geist : pragmatische und symbolische Dimensionen der Autorensiglen (nomina auctorum) bei Hrabanus Maurus /</subfield>
    <subfield code="r">Sita Steckel --</subfield>
    <subfield code="t">Musikkultur des Mittelalters im Kloster Lorsch : Aspekte der Überlieferung und Rekonstruktion /</subfield>
    <subfield code="r">Stefan Morent --</subfield>
    <subfield code="t">Beobachtungen zum Lorscher Skriptorium in karolingischer Zeit /</subfield>
    <subfield code="r">Tino Licht --</subfield>
    <subfield code="t">Alemannische Spuren in Lorsch /</subfield>
    <subfield code="r">Natalie Maag --</subfield>
    <subfield code="t">Stenographische Technik in der karolingischen Patrologie /</subfield>
    <subfield code="r">Martin Hellmann --</subfield>
    <subfield code="t">Ut monasteria ... secundum ordinem regulariter vivant. Norm und Wirklichkeit in den Beziehungen zwischen Herrschern und Klöstern in der Karolingerzeit /</subfield>
    <subfield code="r">Matthias Becher --</subfield>
    <subfield code="t">Äbte und Mönche als Vermittler von Texten auf karolingischen Synoden /</subfield>
    <subfield code="r">Wilfried Hartmann --</subfield>
    <subfield code="t">Correctio an der Basis : Landpfarrer und ihr Wissen im 9. Jahrhundert /</subfield>
    <subfield code="r">Steffen Patzold --</subfield>
    <subfield code="t">Bemerkungen zur Bildungsentwicklung im Frühen Mittelalter : Zusammenfassung /</subfield>
    <subfield code="r">Sebastian Scholz.</subfield>
  </datafield>
  <datafield tag="650" ind1=" " ind2="0">
    <subfield code="a">Monastic and religious life</subfield>
    <subfield code="z">Europe</subfield>
    <subfield code="x">History</subfield>
    <subfield code="y">Middle Ages, 600-1500</subfield>
    <subfield code="v">Congresses.</subfield>
  </datafield>
  <datafield tag="650" ind1=" " ind2="0">
    <subfield code="a">Learning and scholarship</subfield>
    <subfield code="x">History</subfield>
    <subfield code="y">Medieval, 500-1500</subfield>
    <subfield code="v">Congresses.</subfield>
  </datafield>
  <datafield tag="650" ind1=" " ind2="0">
    <subfield code="a">Civilization, Medieval</subfield>
    <subfield code="x">Classical influences</subfield>
    <subfield code="v">Congresses.</subfield>
  </datafield>
  <datafield tag="650" ind1=" " ind2="0">
    <subfield code="a">Carolingians</subfield>
    <subfield code="x">Religious life</subfield>
    <subfield code="v">Congresses.</subfield>
  </datafield>
  <datafield tag="700" ind1="1" ind2=" ">
    <subfield code="a">Becker, Julia,</subfield>
    <subfield code="e">editor.</subfield>
  </datafield>
  <datafield tag="700" ind1="1" ind2=" ">
    <subfield code="a">Licht, Tino,</subfield>
    <subfield code="e">editor.</subfield>
  </datafield>
  <datafield tag="700" ind1="1" ind2=" ">
    <subfield code="a">Weinfurter, Stefan,</subfield>
    <subfield code="e">editor.</subfield>
  </datafield>
</record>