
<record>
  <leader>02498cam a22003737i 4500</leader>
  <controlfield tag="001">18637524</controlfield>
  <controlfield tag="005">20200103120631.0</controlfield>
  <controlfield tag="008">150522s2015    gw            000 f ger c</controlfield>
  <datafield tag="906" ind1=" " ind2=" ">
    <subfield code="a">7</subfield>
    <subfield code="b">cbc</subfield>
    <subfield code="c">pccadap</subfield>
    <subfield code="d">3</subfield>
    <subfield code="e">ncip</subfield>
    <subfield code="f">20</subfield>
    <subfield code="g">y-gencatlg</subfield>
  </datafield>
  <datafield tag="925" ind1="0" ind2=" ">
    <subfield code="a">acquire</subfield>
    <subfield code="b">1 shelf copy</subfield>
    <subfield code="x">policy default</subfield>
  </datafield>
  <datafield tag="955" ind1=" " ind2=" ">
    <subfield code="b">fd21 2016-02-08 z-processor</subfield>
    <subfield code="i">fd21 2016-02-11 to CALM</subfield>
  </datafield>
  <datafield tag="955" ind1=" " ind2=" ">
    <subfield code="b">fd10 2015-06-25</subfield>
    <subfield code="a">fd00 2015-07-06 to GS/GER</subfield>
  </datafield>
  <datafield tag="010" ind1=" " ind2=" ">
    <subfield code="a">  2015398867</subfield>
  </datafield>
  <datafield tag="016" ind1="7" ind2=" ">
    <subfield code="a">1060743469</subfield>
    <subfield code="2">GyFmDB</subfield>
  </datafield>
  <datafield tag="020" ind1=" " ind2=" ">
    <subfield code="a">9783462047424 (hd.bd.)</subfield>
  </datafield>
  <datafield tag="020" ind1=" " ind2=" ">
    <subfield code="a">3462047426 (hd.bd.)</subfield>
  </datafield>
  <datafield tag="024" ind1="3" ind2=" ">
    <subfield code="a">9783462047424</subfield>
  </datafield>
  <datafield tag="035" ind1=" " ind2=" ">
    <subfield code="a">(OCoLC)ocn909273025</subfield>
  </datafield>
  <datafield tag="040" ind1=" " ind2=" ">
    <subfield code="a">GyWOH</subfield>
    <subfield code="b">eng</subfield>
    <subfield code="c">PUL</subfield>
    <subfield code="e">rda</subfield>
    <subfield code="d">OHX</subfield>
    <subfield code="d">COO</subfield>
    <subfield code="d">STF</subfield>
    <subfield code="d">NGU</subfield>
    <subfield code="d">DLC</subfield>
  </datafield>
  <datafield tag="050" ind1="0" ind2="0">
    <subfield code="a">PT2711.A368</subfield>
    <subfield code="b">M34 2015</subfield>
  </datafield>
  <datafield tag="072" ind1=" " ind2="7">
    <subfield code="a">PT</subfield>
    <subfield code="2">lcco</subfield>
  </datafield>
  <datafield tag="100" ind1="1" ind2=" ">
    <subfield code="a">Kaiser, Vea,</subfield>
    <subfield code="d">1988-</subfield>
    <subfield code="e">author.</subfield>
  </datafield>
  <datafield tag="245" ind1="1" ind2="0">
    <subfield code="a">Makarionissi, oder, Die Insel der Seligen :</subfield>
    <subfield code="b">Roman /</subfield>
    <subfield code="c">Vea Kaiser.</subfield>
  </datafield>
  <datafield tag="246" ind1="3" ind2="1">
    <subfield code="a">Makarionissi</subfield>
  </datafield>
  <datafield tag="246" ind1="3" ind2="1">
    <subfield code="a">Insel der Seligen</subfield>
  </datafield>
  <datafield tag="250" ind1=" " ind2=" ">
    <subfield code="a">1. Auflage.</subfield>
  </datafield>
  <datafield tag="264" ind1=" " ind2="1">
    <subfield code="a">Köln :</subfield>
    <subfield code="b">Kiepenheuer &amp; Witsch,</subfield>
    <subfield code="c">2015.</subfield>
  </datafield>
  <datafield tag="300" ind1=" " ind2=" ">
    <subfield code="a">460 pages ;</subfield>
    <subfield code="c">21 cm</subfield>
  </datafield>
  <datafield tag="336" ind1=" " ind2=" ">
    <subfield code="a">text</subfield>
    <subfield code="b">txt</subfield>
    <subfield code="2">rdacontent</subfield>
  </datafield>
  <datafield tag="337" ind1=" " ind2=" ">
    <subfield code="a">unmediated</subfield>
    <subfield code="b">n</subfield>
    <subfield code="2">rdamedia</subfield>
  </datafield>
  <datafield tag="338" ind1=" " ind2=" ">
    <subfield code="a">volume</subfield>
    <subfield code="b">nc</subfield>
    <subfield code="2">rdacarrier</subfield>
  </datafield>
  <datafield tag="505" ind1="0" ind2="0">
    <subfield code="t">Gesang --</subfield>
    <subfield code="t">Prolog --</subfield>
    <subfield code="t">Immer, wenn einer zurückkommt --</subfield>
    <subfield code="t">Die Bestie mit nur einem Auge --</subfield>
    <subfield code="t">Namenstag --</subfield>
    <subfield code="t">Gesang --</subfield>
    <subfield code="t">Des Tanzes Wahrheit --</subfield>
    <subfield code="t">Lefti wäre gern nicht Lefti --</subfield>
    <subfield code="t">Die Ausrottung von Mehltau --</subfield>
    <subfield code="t">Mehr als ein schlechtes Vorzeichen --</subfield>
    <subfield code="t">Gesang --</subfield>
    <subfield code="t">Das deutsche Nein --</subfield>
    <subfield code="t">Die Schönheit und Erotik der deutschen Sprache --</subfield>
    <subfield code="t">Demosthenes gegen Antigone --</subfield>
    <subfield code="t">Gesang --</subfield>
    <subfield code="t">Ein Tag mit dem Effekt von vielen --</subfield>
    <subfield code="t">Dieses verdammte Glück --</subfield>
    <subfield code="t">Als die Panzer kamen --</subfield>
    <subfield code="t">Was Schnee nicht verstecken kann --</subfield>
    <subfield code="t">Heutige Zeiten --</subfield>
    <subfield code="t">Gesang --</subfield>
    <subfield code="t">Die Glückshaube --</subfield>
    <subfield code="t">Alleine, aber zumindest zu zweit --</subfield>
    <subfield code="t">Der Brautmodenladen in Greektown --</subfield>
    <subfield code="t">Eleni entdeckt Eleni wieder --</subfield>
    <subfield code="t">Alle sagen Ja --</subfield>
    <subfield code="t">Das obszöne Automobil --</subfield>
    <subfield code="t">Gesang --</subfield>
    <subfield code="t">Der Hirschkäfer --</subfield>
    <subfield code="t">Eine Sandburg für die Ewigkeit --</subfield>
    <subfield code="t">Unterleibchen und Tshirtzaki --</subfield>
    <subfield code="t">Das Königreich der Amazonen --</subfield>
    <subfield code="t">Gesang --</subfield>
    <subfield code="t">Wer ist König Otto? --</subfield>
    <subfield code="t">Vom Sinn und Zweck eines Loches im Boden --</subfield>
    <subfield code="t">Ein ganzes Leben in einem Koffer --</subfield>
    <subfield code="t">Zwei plus eins macht eins zu viel --</subfield>
    <subfield code="t">Als Glück und Unglück Hand in Hand gingen --</subfield>
    <subfield code="t">Gesang --</subfield>
    <subfield code="t">Der Kampf um die Fussgängerzone --</subfield>
    <subfield code="t">Die Schönheit des Lebens als Postkartenmotiv --</subfield>
    <subfield code="t">Die Invasion des Buchsbaumzünslers --</subfield>
    <subfield code="t">Gesang --</subfield>
    <subfield code="t">Die Ironie eines Baukrans --</subfield>
    <subfield code="t">Warum Meeresnymphen nach ruhiger See trachten --</subfield>
    <subfield code="g">Epilog.</subfield>
  </datafield>
  <datafield tag="923" ind1=" " ind2=" ">
    <subfield code="d">20150522</subfield>
    <subfield code="n">0374647</subfield>
    <subfield code="s">GyWOH</subfield>
  </datafield>
  <datafield tag="985" ind1=" " ind2=" ">
    <subfield code="e">VENDOR LOAD</subfield>
  </datafield>
</record>