
<record>
  <leader>02121cam a22004337i 4500</leader>
  <controlfield tag="001">18637842</controlfield>
  <controlfield tag="005">20200103120632.0</controlfield>
  <controlfield tag="008">150530s2015    nmua         f000 0 eng c</controlfield>
  <datafield tag="906" ind1=" " ind2=" ">
    <subfield code="a">7</subfield>
    <subfield code="b">cbc</subfield>
    <subfield code="c">pccadap</subfield>
    <subfield code="d">2</subfield>
    <subfield code="e">ncip</subfield>
    <subfield code="f">20</subfield>
    <subfield code="g">y-gencatlg</subfield>
  </datafield>
  <datafield tag="925" ind1="0" ind2=" ">
    <subfield code="a">acquire</subfield>
    <subfield code="b">1 shelf copy</subfield>
    <subfield code="x">policy default</subfield>
  </datafield>
  <datafield tag="955" ind1=" " ind2=" ">
    <subfield code="b">hg14 2015-05-30</subfield>
    <subfield code="i">hc08 2016-03-30 z-processor to Dewey</subfield>
    <subfield code="w">xm08 2016-04-25 (telework)</subfield>
  </datafield>
  <datafield tag="955" ind1=" " ind2=" ">
    <subfield code="b">hg14 2015-05-30</subfield>
  </datafield>
  <datafield tag="010" ind1=" " ind2=" ">
    <subfield code="a">  2014496215</subfield>
  </datafield>
  <datafield tag="035" ind1=" " ind2=" ">
    <subfield code="a">(OCoLC)ocn936339839</subfield>
  </datafield>
  <datafield tag="040" ind1=" " ind2=" ">
    <subfield code="a">GPO</subfield>
    <subfield code="b">eng</subfield>
    <subfield code="c">GPO</subfield>
    <subfield code="e">rda</subfield>
    <subfield code="d">GPO</subfield>
    <subfield code="d">DLC</subfield>
  </datafield>
  <datafield tag="043" ind1=" " ind2=" ">
    <subfield code="a">n-us-az</subfield>
  </datafield>
  <datafield tag="050" ind1="0" ind2="0">
    <subfield code="a">SD428.C58</subfield>
    <subfield code="b">R436 2015</subfield>
  </datafield>
  <datafield tag="082" ind1="0" ind2="0">
    <subfield code="a">634.9/20979133</subfield>
    <subfield code="2">23</subfield>
  </datafield>
  <datafield tag="086" ind1="0" ind2=" ">
    <subfield code="a">A 13.105/2:MB-R 3-04-28</subfield>
  </datafield>
  <datafield tag="245" ind1="0" ind2="0">
    <subfield code="a">Record of decision for the four-forest restoration initiative :</subfield>
    <subfield code="b">Coconino and Kaibab National Forests, Coconino County, Arizona /</subfield>
    <subfield code="c">U.S. Forest Service.</subfield>
  </datafield>
  <datafield tag="246" ind1="3" ind2="0">
    <subfield code="a">Coconino and Kaibab National Forests, Coconino County, Arizona</subfield>
  </datafield>
  <datafield tag="264" ind1=" " ind2="1">
    <subfield code="a">[Albuquerque, N.M.] :</subfield>
    <subfield code="b">United States Department of Agriculture, Forest Service, Southwestern Region,</subfield>
    <subfield code="c">2015.</subfield>
  </datafield>
  <datafield tag="300" ind1=" " ind2=" ">
    <subfield code="a">ii, 65 pages :</subfield>
    <subfield code="b">color illustration ;</subfield>
    <subfield code="c">28 cm.</subfield>
  </datafield>
  <datafield tag="336" ind1=" " ind2=" ">
    <subfield code="a">text</subfield>
    <subfield code="b">txt</subfield>
    <subfield code="2">rdacontent</subfield>
  </datafield>
  <datafield tag="337" ind1=" " ind2=" ">
    <subfield code="a">unmediated</subfield>
    <subfield code="b">n</subfield>
    <subfield code="2">rdamedia</subfield>
  </datafield>
  <datafield tag="338" ind1=" " ind2=" ">
    <subfield code="a">volume</subfield>
    <subfield code="b">nc</subfield>
    <subfield code="2">rdacarrier</subfield>
  </datafield>
  <datafield tag="490" ind1="0" ind2=" ">
    <subfield code="a">MB-R3 ;</subfield>
    <subfield code="v">04-28</subfield>
  </datafield>
  <datafield tag="500" ind1=" " ind2=" ">
    <subfield code="a">Format not distributed to depository libraries.</subfield>
  </datafield>
  <datafield tag="500" ind1=" " ind2=" ">
    <subfield code="a">&quot;Cooperating agencies: Arizona Game and Fish Department.&quot;</subfield>
  </datafield>
  <datafield tag="500" ind1=" " ind2=" ">
    <subfield code="a">&quot;April 2015&quot;--Cover.</subfield>
  </datafield>
  <datafield tag="650" ind1=" " ind2="0">
    <subfield code="a">Forest management</subfield>
    <subfield code="z">Arizona</subfield>
    <subfield code="z">Coconino National Forest.</subfield>
  </datafield>
  <datafield tag="650" ind1=" " ind2="0">
    <subfield code="a">Forest management</subfield>
    <subfield code="z">Arizona</subfield>
    <subfield code="z">Kaibab National Forest.</subfield>
  </datafield>
  <datafield tag="650" ind1=" " ind2="0">
    <subfield code="a">Forest restoration</subfield>
    <subfield code="x">Environmental aspects</subfield>
    <subfield code="z">Arizona</subfield>
    <subfield code="z">Coconino National Forest.</subfield>
  </datafield>
  <datafield tag="650" ind1=" " ind2="0">
    <subfield code="a">Forest restoration</subfield>
    <subfield code="x">Environmental aspects</subfield>
    <subfield code="z">Arizona</subfield>
    <subfield code="z">Kaibab National Forest.</subfield>
  </datafield>
  <datafield tag="650" ind1=" " ind2="0">
    <subfield code="a">Prescribed burning</subfield>
    <subfield code="x">Environmental aspects</subfield>
    <subfield code="z">Arizona</subfield>
    <subfield code="z">Coconino National Forest.</subfield>
  </datafield>
  <datafield tag="650" ind1=" " ind2="0">
    <subfield code="a">Prescribed burning</subfield>
    <subfield code="x">Environmental aspects</subfield>
    <subfield code="z">Arizona</subfield>
    <subfield code="z">Kaibab National Forest.</subfield>
  </datafield>
  <datafield tag="710" ind1="1" ind2=" ">
    <subfield code="a">United States.</subfield>
    <subfield code="b">Forest Service,</subfield>
    <subfield code="e">author.</subfield>
  </datafield>
  <datafield tag="710" ind1="1" ind2=" ">
    <subfield code="a">Arizona.</subfield>
    <subfield code="b">Game and Fish Department,</subfield>
    <subfield code="e">sponsoring body.</subfield>
  </datafield>
  <datafield tag="776" ind1="0" ind2="8">
    <subfield code="i">Online version:</subfield>
    <subfield code="t">Record of decision for the four-forest restoration initiative</subfield>
    <subfield code="w">(OCoLC)936339965</subfield>
  </datafield>
</record>