
<record>
  <leader>01788cjm a2200385 a 4500</leader>
  <controlfield tag="001">18642275</controlfield>
  <controlfield tag="005">20200103152530.0</controlfield>
  <controlfield tag="007">sd bsmennmplue</controlfield>
  <controlfield tag="008">150603s1985    pl zzn|  i        | zxx  </controlfield>
  <datafield tag="906" ind1=" " ind2=" ">
    <subfield code="a">7</subfield>
    <subfield code="b">cbc</subfield>
    <subfield code="c">orignew</subfield>
    <subfield code="d">2</subfield>
    <subfield code="e">ncip</subfield>
    <subfield code="f">20</subfield>
    <subfield code="g">y-soundrec</subfield>
  </datafield>
  <datafield tag="925" ind1="0" ind2=" ">
    <subfield code="a">acquire</subfield>
    <subfield code="b">2 shelf copies</subfield>
    <subfield code="x">policy default</subfield>
  </datafield>
  <datafield tag="955" ind1=" " ind2=" ">
    <subfield code="a">qr27 2015-06-03</subfield>
  </datafield>
  <datafield tag="010" ind1=" " ind2=" ">
    <subfield code="a">  2015622512</subfield>
  </datafield>
  <datafield tag="028" ind1="0" ind2="2">
    <subfield code="a">SX 2433</subfield>
    <subfield code="b">Muza</subfield>
  </datafield>
  <datafield tag="040" ind1=" " ind2=" ">
    <subfield code="a">DLC</subfield>
    <subfield code="c">DLC</subfield>
  </datafield>
  <datafield tag="041" ind1="0" ind2=" ">
    <subfield code="g">pol</subfield>
  </datafield>
  <datafield tag="050" ind1="0" ind2="0">
    <subfield code="a">Muza SX 2433</subfield>
  </datafield>
  <datafield tag="245" ind1="0" ind2="0">
    <subfield code="a">Warszawska jesień 1985</subfield>
    <subfield code="h">[sound recording] =</subfield>
    <subfield code="b">Warsaw Autumn.</subfield>
    <subfield code="n">Kronika dżwiękowa nr 8.</subfield>
  </datafield>
  <datafield tag="246" ind1="1" ind2=" ">
    <subfield code="i">Title on container:</subfield>
    <subfield code="a">Międzynarodowy Festival Muzyki Współczesnej &quot;Warszawska jesień&quot;</subfield>
  </datafield>
  <datafield tag="260" ind1=" " ind2=" ">
    <subfield code="a">[Warsaw, Poland] :</subfield>
    <subfield code="b">Muza,</subfield>
    <subfield code="c">[1985?]</subfield>
  </datafield>
  <datafield tag="300" ind1=" " ind2=" ">
    <subfield code="a">1 sound disc :</subfield>
    <subfield code="b">analog, 33 1/3 rpm ;</subfield>
    <subfield code="c">12 in.</subfield>
  </datafield>
  <datafield tag="511" ind1="0" ind2=" ">
    <subfield code="a">In the 1st work: Ljubljana Radio and TV Symphony Orchestra ; Jerzy Salwarowski, conductor. In the 2nd work: BBC Scottish Symphony Orchestra ; Jerzy Maksymiuk, conductor.</subfield>
  </datafield>
  <datafield tag="500" ind1=" " ind2=" ">
    <subfield code="a">&quot;Polskie Nagrania.&quot;</subfield>
  </datafield>
  <datafield tag="500" ind1=" " ind2=" ">
    <subfield code="a">&quot;Documentary recordings&quot;--Container.</subfield>
  </datafield>
  <datafield tag="500" ind1=" " ind2=" ">
    <subfield code="a">&quot;Muzyka polska = Polish music.&quot;</subfield>
  </datafield>
  <datafield tag="505" ind1="0" ind2=" ">
    <subfield code="a">Tren : na wielką orkiestrię symfoniczną / Piotr Radko -- Kroniki mazurskie II : na orkiestrę i tásmę : nowa wersja = Mazurian chronicles II : for orchestra and tape : new version / Zbignew Penherski.</subfield>
  </datafield>
  <datafield tag="650" ind1=" " ind2="0">
    <subfield code="a">Orchestral music.</subfield>
  </datafield>
  <datafield tag="650" ind1=" " ind2="0">
    <subfield code="a">Electronic music.</subfield>
  </datafield>
  <datafield tag="700" ind1="1" ind2=" ">
    <subfield code="a">Salwarowski, Jerzy.</subfield>
    <subfield code="4">cnd</subfield>
  </datafield>
  <datafield tag="700" ind1="1" ind2=" ">
    <subfield code="a">Maksymiuk, Jerzy,</subfield>
    <subfield code="d">1936-</subfield>
    <subfield code="4">cnd</subfield>
  </datafield>
  <datafield tag="700" ind1="1" ind2="2">
    <subfield code="a">Radko, Piotr.</subfield>
    <subfield code="t">Tren.</subfield>
  </datafield>
  <datafield tag="700" ind1="1" ind2="2">
    <subfield code="a">Penherski, Zbigniew,</subfield>
    <subfield code="d">1935-2019.</subfield>
    <subfield code="t">Kroniki mazurskie,</subfield>
    <subfield code="n">no. 2.</subfield>
  </datafield>
  <datafield tag="710" ind1="2" ind2=" ">
    <subfield code="a">Simfonični orkester RTV Ljubljana.</subfield>
    <subfield code="4">prf</subfield>
  </datafield>
  <datafield tag="710" ind1="2" ind2=" ">
    <subfield code="a">BBC Scottish Symphony Orchestra.</subfield>
    <subfield code="4">prf</subfield>
  </datafield>
  <datafield tag="711" ind1="2" ind2=" ">
    <subfield code="a">International Festival of Contemporary Music</subfield>
    <subfield code="n">(28th :</subfield>
    <subfield code="d">1985 :</subfield>
    <subfield code="c">Warsaw, Poland)</subfield>
  </datafield>
</record>