
<record>
  <leader>02453cjm a2200481 a 4500</leader>
  <controlfield tag="001">18642308</controlfield>
  <controlfield tag="005">20200103152539.0</controlfield>
  <controlfield tag="007">sd bsmennmplue</controlfield>
  <controlfield tag="008">150603s1984    pl uun|           | zxx d</controlfield>
  <datafield tag="906" ind1=" " ind2=" ">
    <subfield code="a">7</subfield>
    <subfield code="b">cbc</subfield>
    <subfield code="c">copycat</subfield>
    <subfield code="d">2</subfield>
    <subfield code="e">ncip</subfield>
    <subfield code="f">20</subfield>
    <subfield code="g">y-soundrec</subfield>
  </datafield>
  <datafield tag="925" ind1="0" ind2=" ">
    <subfield code="a">acquire</subfield>
    <subfield code="b">2 shelf copies</subfield>
    <subfield code="x">policy default</subfield>
  </datafield>
  <datafield tag="955" ind1=" " ind2=" ">
    <subfield code="a">qr27 2015-06-03 z-client</subfield>
    <subfield code="i">qr27 2015-06-03</subfield>
  </datafield>
  <datafield tag="010" ind1=" " ind2=" ">
    <subfield code="a">  2015622513</subfield>
  </datafield>
  <datafield tag="028" ind1="0" ind2="2">
    <subfield code="a">SX 2409</subfield>
    <subfield code="b">Muza</subfield>
  </datafield>
  <datafield tag="033" ind1="0" ind2="0">
    <subfield code="a">1984----</subfield>
    <subfield code="b">6524</subfield>
    <subfield code="c">W3</subfield>
  </datafield>
  <datafield tag="035" ind1=" " ind2=" ">
    <subfield code="a">(OCoLC)ocm53087774</subfield>
  </datafield>
  <datafield tag="040" ind1=" " ind2=" ">
    <subfield code="a">ZYU</subfield>
    <subfield code="c">ZYU</subfield>
    <subfield code="d">OCLCQ</subfield>
    <subfield code="d">OCLCG</subfield>
    <subfield code="d">OCLCF</subfield>
    <subfield code="d">OCLCO</subfield>
    <subfield code="d">DLC</subfield>
  </datafield>
  <datafield tag="042" ind1=" " ind2=" ">
    <subfield code="a">lccopycat</subfield>
  </datafield>
  <datafield tag="050" ind1="0" ind2="0">
    <subfield code="a">Muza SX 2409</subfield>
  </datafield>
  <datafield tag="245" ind1="0" ind2="0">
    <subfield code="a">Warszawska jesień 1984</subfield>
    <subfield code="h">[sound recording] =</subfield>
    <subfield code="b">Warsaw Autumn.</subfield>
    <subfield code="n">Kronika dźwiękowa Nr 2.</subfield>
  </datafield>
  <datafield tag="246" ind1="3" ind2="1">
    <subfield code="a">Warsaw autumn</subfield>
  </datafield>
  <datafield tag="260" ind1=" " ind2=" ">
    <subfield code="a">Warszawa :</subfield>
    <subfield code="b">Muza,</subfield>
    <subfield code="c">[1984]</subfield>
  </datafield>
  <datafield tag="300" ind1=" " ind2=" ">
    <subfield code="a">1 sound disc :</subfield>
    <subfield code="b">analog, 33 1/3 rpm, stereo. ;</subfield>
    <subfield code="c">12 in.</subfield>
  </datafield>
  <datafield tag="511" ind1="0" ind2=" ">
    <subfield code="a">Various performers.</subfield>
  </datafield>
  <datafield tag="518" ind1=" " ind2=" ">
    <subfield code="a">Recorded live during the International Festival of Contemporary Music, Warsaw, 1984.</subfield>
  </datafield>
  <datafield tag="500" ind1=" " ind2=" ">
    <subfield code="a">&quot;Polskie Nagrania.&quot;</subfield>
  </datafield>
  <datafield tag="500" ind1=" " ind2=" ">
    <subfield code="a">&quot;Muzyka polska = Polish music.&quot;</subfield>
  </datafield>
  <datafield tag="505" ind1="0" ind2=" ">
    <subfield code="a">Jeux parties : na saksofon i perkusje = Jeux parties : for saxophone and percussion / Zbigniew Penherski (David A. Pituch, saxophone ; Stanislaw Skoczyński, percussion) -- Melodia z akompaniamentem = Melody with accompaniment : for chamber ensemble / Tadeusz Wielecki (instrumental ensemble ; Mieczysław Gawroński, conductor) -- Appendix : na flet piccolo i inne instrumenty = Appendix : for piccolo and chamber ensemble / Paweł Szymański (Elzbieta Gajewska, piccolo ; instrumental ensemble ; Mieczysław Gawroński, conductor).</subfield>
  </datafield>
  <datafield tag="650" ind1=" " ind2="0">
    <subfield code="a">Saxophone and percussion music.</subfield>
  </datafield>
  <datafield tag="650" ind1=" " ind2="0">
    <subfield code="a">Instrumental ensembles.</subfield>
  </datafield>
  <datafield tag="650" ind1=" " ind2="0">
    <subfield code="a">Piccolo with instrumental ensemble.</subfield>
  </datafield>
  <datafield tag="650" ind1=" " ind2="7">
    <subfield code="a">Instrumental ensembles.</subfield>
    <subfield code="2">fast</subfield>
    <subfield code="0">(OCoLC)fst00974411</subfield>
  </datafield>
  <datafield tag="650" ind1=" " ind2="7">
    <subfield code="a">Piccolo with instrumental ensemble.</subfield>
    <subfield code="2">fast</subfield>
    <subfield code="0">(OCoLC)fst01063649</subfield>
  </datafield>
  <datafield tag="650" ind1=" " ind2="7">
    <subfield code="a">Saxophone and percussion music.</subfield>
    <subfield code="2">fast</subfield>
    <subfield code="0">(OCoLC)fst01106201</subfield>
  </datafield>
  <datafield tag="655" ind1=" " ind2="7">
    <subfield code="a">Live sound recordings.</subfield>
    <subfield code="2">lcgft</subfield>
  </datafield>
  <datafield tag="700" ind1="1" ind2=" ">
    <subfield code="a">Pituch, David.</subfield>
    <subfield code="4">prf</subfield>
  </datafield>
  <datafield tag="700" ind1="1" ind2=" ">
    <subfield code="a">Skoczyński, Stanislaw,</subfield>
    <subfield code="d">1953-</subfield>
    <subfield code="4">prf</subfield>
  </datafield>
  <datafield tag="700" ind1="1" ind2=" ">
    <subfield code="a">Gawroński, Mieczysław.</subfield>
    <subfield code="4">cnd</subfield>
  </datafield>
  <datafield tag="700" ind1="1" ind2=" ">
    <subfield code="a">Gajewska, Elżbieta,</subfield>
    <subfield code="d">1945-</subfield>
    <subfield code="4">prf</subfield>
  </datafield>
  <datafield tag="700" ind1="1" ind2="2">
    <subfield code="a">Penherski, Zbigniew,</subfield>
    <subfield code="d">1935-2019.</subfield>
    <subfield code="t">Jeux parties.</subfield>
  </datafield>
  <datafield tag="700" ind1="1" ind2="2">
    <subfield code="a">Wielecki, Tadeusz.</subfield>
    <subfield code="t">Melodia z akompaniamentem.</subfield>
  </datafield>
  <datafield tag="700" ind1="1" ind2="2">
    <subfield code="a">Szymański, Paweł.</subfield>
    <subfield code="t">Appendix.</subfield>
  </datafield>
  <datafield tag="711" ind1="2" ind2=" ">
    <subfield code="a">International Festival of Contemporary Music</subfield>
    <subfield code="n">(27th :</subfield>
    <subfield code="d">1984 :</subfield>
    <subfield code="c">Warsaw, Poland)</subfield>
  </datafield>
</record>