
<record>
  <leader>02723cam a22003617i 4500</leader>
  <controlfield tag="001">18642750</controlfield>
  <controlfield tag="005">20200103120633.0</controlfield>
  <controlfield tag="008">150602s2015    nyua     b    001 0 eng c</controlfield>
  <datafield tag="906" ind1=" " ind2=" ">
    <subfield code="a">7</subfield>
    <subfield code="b">cbc</subfield>
    <subfield code="c">orignew</subfield>
    <subfield code="d">1</subfield>
    <subfield code="e">ecip</subfield>
    <subfield code="f">20</subfield>
    <subfield code="g">y-gencatlg</subfield>
  </datafield>
  <datafield tag="925" ind1="0" ind2=" ">
    <subfield code="a">acquire</subfield>
    <subfield code="b">1 shelf copy</subfield>
    <subfield code="x">policy default</subfield>
  </datafield>
  <datafield tag="955" ind1=" " ind2=" ">
    <subfield code="a">NIC</subfield>
    <subfield code="e">rm15 2015-06-19 to Dewey</subfield>
    <subfield code="w">xl06 2015-06-20</subfield>
    <subfield code="a">xn11 2016-01-11 1 copy rec&apos;d., to CIP ver.</subfield>
    <subfield code="f">rm05 2016-01-19 to CALM</subfield>
  </datafield>
  <datafield tag="010" ind1=" " ind2=" ">
    <subfield code="a">  2015021725</subfield>
  </datafield>
  <datafield tag="020" ind1=" " ind2=" ">
    <subfield code="a">9780801454196 (cloth : alk. paper)</subfield>
  </datafield>
  <datafield tag="040" ind1=" " ind2=" ">
    <subfield code="a">NIC/DLC</subfield>
    <subfield code="b">eng</subfield>
    <subfield code="c">NIC</subfield>
    <subfield code="e">rda</subfield>
    <subfield code="d">DLC</subfield>
  </datafield>
  <datafield tag="043" ind1=" " ind2=" ">
    <subfield code="a">e-pl---</subfield>
  </datafield>
  <datafield tag="050" ind1="0" ind2="0">
    <subfield code="a">HQ217.7.A5</subfield>
    <subfield code="b">S73 2015</subfield>
  </datafield>
  <datafield tag="082" ind1="0" ind2="0">
    <subfield code="a">306.7409438</subfield>
    <subfield code="2">23</subfield>
  </datafield>
  <datafield tag="100" ind1="1" ind2=" ">
    <subfield code="a">Stauter-Halsted, Keely,</subfield>
    <subfield code="d">1960-</subfield>
    <subfield code="e">author.</subfield>
  </datafield>
  <datafield tag="245" ind1="1" ind2="4">
    <subfield code="a">The devil&apos;s chain :</subfield>
    <subfield code="b">prostitution and social control in partitioned Poland /</subfield>
    <subfield code="c">Keely Stauter-Halsted.</subfield>
  </datafield>
  <datafield tag="264" ind1=" " ind2="1">
    <subfield code="a">Ithaca :</subfield>
    <subfield code="a">London :</subfield>
    <subfield code="b">Cornell University Press,</subfield>
    <subfield code="c">[2015].</subfield>
  </datafield>
  <datafield tag="264" ind1=" " ind2="4">
    <subfield code="c">̂©2015</subfield>
  </datafield>
  <datafield tag="300" ind1=" " ind2=" ">
    <subfield code="a">x, 379 pages :</subfield>
    <subfield code="b">illustrations :</subfield>
    <subfield code="c">24 cm</subfield>
  </datafield>
  <datafield tag="336" ind1=" " ind2=" ">
    <subfield code="a">text</subfield>
    <subfield code="2">rdacontent</subfield>
  </datafield>
  <datafield tag="337" ind1=" " ind2=" ">
    <subfield code="a">unmediated</subfield>
    <subfield code="2">rdamedia</subfield>
  </datafield>
  <datafield tag="338" ind1=" " ind2=" ">
    <subfield code="a">volume</subfield>
    <subfield code="2">rdacarrier</subfield>
  </datafield>
  <datafield tag="504" ind1=" " ind2=" ">
    <subfield code="a">Includes bibliographical references and index.</subfield>
  </datafield>
  <datafield tag="505" ind1="0" ind2=" ">
    <subfield code="a">Introduction : reforming the national body -- Out of the shadows -- On the abyss : the turn to paid sex -- Sex in the bourgeois family -- Narratives of entrapment -- Trafficking and human migration -- The devil&apos;s chain -- Female activism and the shadow state -- The physician and the fallen woman -- Purity and danger : prostitution reform and the birth of Polish eugenics -- Sex in the new republic -- Conclusion : prostitution and the shaping of the national community.</subfield>
  </datafield>
  <datafield tag="520" ind1=" " ind2=" ">
    <subfield code="a">&quot;In the half-century before Poland&apos;s long-awaited political independence in 1918, anxiety surrounding the country&apos;s burgeoning sex industry fueled nearly constant public debate. The Devil&apos;s Chain is the first book to examine the world of commercial sex throughout the partitioned Polish territories, uncovering a previously hidden conversation about sexuality, gender propriety, and social class. Keely Stauter-Halsted situates the preoccupation with prostitution in the context of Poland&apos;s struggle for political independence and its difficult transition to modernity. She traces the Poles&apos; growing anxiety about white slavery, venereal disease, and eugenics by examining the regulation of the female body, the rise of medical authority, and the role of social reformers in addressing the problem of paid sex&quot;--</subfield>
    <subfield code="c">Publisher&apos;s Web site.</subfield>
  </datafield>
  <datafield tag="650" ind1=" " ind2="0">
    <subfield code="a">Prostitution</subfield>
    <subfield code="z">Poland</subfield>
    <subfield code="x">History</subfield>
    <subfield code="y">19th century.</subfield>
  </datafield>
  <datafield tag="650" ind1=" " ind2="0">
    <subfield code="a">Prostitution</subfield>
    <subfield code="z">Poland</subfield>
    <subfield code="x">History</subfield>
    <subfield code="y">20th century.</subfield>
  </datafield>
  <datafield tag="650" ind1=" " ind2="0">
    <subfield code="a">Sex</subfield>
    <subfield code="x">Social aspects</subfield>
    <subfield code="z">Poland</subfield>
    <subfield code="x">History</subfield>
    <subfield code="y">19th century.</subfield>
  </datafield>
  <datafield tag="650" ind1=" " ind2="0">
    <subfield code="a">Sex</subfield>
    <subfield code="x">Social aspects</subfield>
    <subfield code="z">Poland</subfield>
    <subfield code="x">History</subfield>
    <subfield code="y">20th century.</subfield>
  </datafield>
  <datafield tag="651" ind1=" " ind2="0">
    <subfield code="a">Poland</subfield>
    <subfield code="x">History</subfield>
    <subfield code="y">1864-1918.</subfield>
  </datafield>
</record>