
<record>
  <leader>02980cam a22006497i 4500</leader>
  <controlfield tag="001">18643479</controlfield>
  <controlfield tag="005">20200103120635.0</controlfield>
  <controlfield tag="008">150604s2015    fr a     b   i000 0 eng c</controlfield>
  <datafield tag="906" ind1=" " ind2=" ">
    <subfield code="a">0</subfield>
    <subfield code="b">ibc</subfield>
    <subfield code="c">pccadap</subfield>
    <subfield code="d">2</subfield>
    <subfield code="e">ncip</subfield>
    <subfield code="f">20</subfield>
    <subfield code="g">y-gencatlg</subfield>
  </datafield>
  <datafield tag="925" ind1="0" ind2=" ">
    <subfield code="a">acquire</subfield>
    <subfield code="b">1 shelf copy</subfield>
    <subfield code="x">policy default</subfield>
  </datafield>
  <datafield tag="955" ind1=" " ind2=" ">
    <subfield code="b">BD25 2015-06-04</subfield>
    <subfield code="i">BD25 2019-05-04</subfield>
  </datafield>
  <datafield tag="010" ind1=" " ind2=" ">
    <subfield code="a">  2015419541</subfield>
  </datafield>
  <datafield tag="016" ind1="7" ind2=" ">
    <subfield code="a">101659370</subfield>
    <subfield code="2">DNLM</subfield>
  </datafield>
  <datafield tag="016" ind1="7" ind2=" ">
    <subfield code="a">017170118</subfield>
    <subfield code="2">Uk</subfield>
  </datafield>
  <datafield tag="020" ind1=" " ind2=" ">
    <subfield code="a">9789264231719</subfield>
    <subfield code="q">(print)</subfield>
  </datafield>
  <datafield tag="020" ind1=" " ind2=" ">
    <subfield code="a">9264231714</subfield>
    <subfield code="q">(print)</subfield>
  </datafield>
  <datafield tag="020" ind1=" " ind2=" ">
    <subfield code="z">9789264231726</subfield>
    <subfield code="q">(PDF)</subfield>
  </datafield>
  <datafield tag="035" ind1=" " ind2=" ">
    <subfield code="a">(OCoLC)ocn925263819</subfield>
  </datafield>
  <datafield tag="040" ind1=" " ind2=" ">
    <subfield code="a">NLM</subfield>
    <subfield code="b">eng</subfield>
    <subfield code="e">rda</subfield>
    <subfield code="c">NLM</subfield>
    <subfield code="d">YDXCP</subfield>
    <subfield code="d">EUW</subfield>
    <subfield code="d">UPM</subfield>
    <subfield code="d">OCLCF</subfield>
    <subfield code="d">IWA</subfield>
    <subfield code="d">OCLCO</subfield>
    <subfield code="d">S3O</subfield>
    <subfield code="d">OCLCO</subfield>
    <subfield code="d">OCLCQ</subfield>
    <subfield code="d">OCLCO</subfield>
    <subfield code="d">OCLCQ</subfield>
    <subfield code="d">BECOE</subfield>
    <subfield code="d">OCLCA</subfield>
    <subfield code="d">OCL</subfield>
    <subfield code="d">OCLCA</subfield>
    <subfield code="d">UKMGB</subfield>
    <subfield code="d">OCLCQ</subfield>
    <subfield code="d">OCLCO</subfield>
    <subfield code="d">DLC</subfield>
  </datafield>
  <datafield tag="060" ind1="0" ind2="0">
    <subfield code="a">2015 G-126</subfield>
  </datafield>
  <datafield tag="060" ind1="1" ind2="0">
    <subfield code="a">WM 220</subfield>
  </datafield>
  <datafield tag="050" ind1="0" ind2="0">
    <subfield code="a">RC521</subfield>
    <subfield code="b">.O74x 2015</subfield>
  </datafield>
  <datafield tag="110" ind1="2" ind2=" ">
    <subfield code="a">Organisation for Economic Co-operation and Development.</subfield>
  </datafield>
  <datafield tag="245" ind1="1" ind2="0">
    <subfield code="a">Addressing dementia :</subfield>
    <subfield code="b">the OECD response /</subfield>
    <subfield code="c">Tim Muir, Yuki Murakami.</subfield>
  </datafield>
  <datafield tag="264" ind1=" " ind2="1">
    <subfield code="a">Paris :</subfield>
    <subfield code="b">OECD,</subfield>
    <subfield code="c">[2015]</subfield>
  </datafield>
  <datafield tag="300" ind1=" " ind2=" ">
    <subfield code="a">122 pages :</subfield>
    <subfield code="b">color illustrations ;</subfield>
    <subfield code="c">22 cm</subfield>
  </datafield>
  <datafield tag="336" ind1=" " ind2=" ">
    <subfield code="a">text</subfield>
    <subfield code="b">txt</subfield>
    <subfield code="2">rdacontent</subfield>
  </datafield>
  <datafield tag="337" ind1=" " ind2=" ">
    <subfield code="a">unmediated</subfield>
    <subfield code="b">n</subfield>
    <subfield code="2">rdamedia</subfield>
  </datafield>
  <datafield tag="338" ind1=" " ind2=" ">
    <subfield code="a">volume</subfield>
    <subfield code="b">nc</subfield>
    <subfield code="2">rdacarrier</subfield>
  </datafield>
  <datafield tag="490" ind1="1" ind2=" ">
    <subfield code="a">OECD health policy studies,</subfield>
    <subfield code="x">2074-3181</subfield>
  </datafield>
  <datafield tag="500" ind1=" " ind2=" ">
    <subfield code="a">&quot;Authored by Tim Muir, Klara Lorenz, and Yuki Murakami from the Directorate of Employment, Labour, and Social Affairs; and Hermann Garden, Elettra Ronchi, and Fernando Galindo-Rueda from the Directorate for Science, Technology, and Innovation.&quot;--Page 4.</subfield>
  </datafield>
  <datafield tag="504" ind1=" " ind2=" ">
    <subfield code="a">Includes bibliographical references.</subfield>
  </datafield>
  <datafield tag="530" ind1=" " ind2=" ">
    <subfield code="a">Also issued online.</subfield>
  </datafield>
  <datafield tag="505" ind1="0" ind2=" ">
    <subfield code="a">Assessment and recommendations -- The growing human and financial cost of dementia: the case for policy action -- Improving the lives of people living with dementia -- Towards a cure for dementia -- The role of big data in driving global co-operation and innovation in dementia research.</subfield>
  </datafield>
  <datafield tag="650" ind1=" " ind2="0">
    <subfield code="a">Dementia.</subfield>
  </datafield>
  <datafield tag="650" ind1=" " ind2="0">
    <subfield code="a">Dementia</subfield>
    <subfield code="x">Economic aspects.</subfield>
  </datafield>
  <datafield tag="650" ind1=" " ind2="0">
    <subfield code="a">Dementia</subfield>
    <subfield code="x">Social aspects.</subfield>
  </datafield>
  <datafield tag="650" ind1=" " ind2="0">
    <subfield code="a">Dementia</subfield>
    <subfield code="x">Patients</subfield>
    <subfield code="x">Care.</subfield>
  </datafield>
  <datafield tag="650" ind1=" " ind2="0">
    <subfield code="a">Dementia</subfield>
    <subfield code="x">Treatment</subfield>
    <subfield code="x">Research.</subfield>
  </datafield>
  <datafield tag="650" ind1=" " ind2="0">
    <subfield code="a">Dementia</subfield>
    <subfield code="x">International cooperation.</subfield>
  </datafield>
  <datafield tag="650" ind1=" " ind2="0">
    <subfield code="a">Dementia</subfield>
    <subfield code="x">Data processing.</subfield>
  </datafield>
  <datafield tag="650" ind1=" " ind2="0">
    <subfield code="a">Big data.</subfield>
  </datafield>
  <datafield tag="650" ind1="1" ind2="2">
    <subfield code="a">Dementia.</subfield>
  </datafield>
  <datafield tag="650" ind1="2" ind2="2">
    <subfield code="a">Health Policy.</subfield>
  </datafield>
  <datafield tag="650" ind1=" " ind2="7">
    <subfield code="a">Big data.</subfield>
    <subfield code="2">fast</subfield>
    <subfield code="0">(OCoLC)fst01892965</subfield>
  </datafield>
  <datafield tag="650" ind1=" " ind2="7">
    <subfield code="a">Dementia.</subfield>
    <subfield code="2">fast</subfield>
    <subfield code="0">(OCoLC)fst00890050</subfield>
  </datafield>
  <datafield tag="650" ind1=" " ind2="7">
    <subfield code="a">Dementia</subfield>
    <subfield code="x">Economic aspects.</subfield>
    <subfield code="2">fast</subfield>
    <subfield code="0">(OCoLC)fst00890052</subfield>
  </datafield>
  <datafield tag="650" ind1=" " ind2="7">
    <subfield code="a">Dementia</subfield>
    <subfield code="x">Patients</subfield>
    <subfield code="x">Care.</subfield>
    <subfield code="2">fast</subfield>
    <subfield code="0">(OCoLC)fst00890058</subfield>
  </datafield>
  <datafield tag="650" ind1=" " ind2="7">
    <subfield code="a">Dementia</subfield>
    <subfield code="x">Social aspects.</subfield>
    <subfield code="2">fast</subfield>
    <subfield code="0">(OCoLC)fst00890068</subfield>
  </datafield>
  <datafield tag="650" ind1=" " ind2="7">
    <subfield code="a">Demens.</subfield>
    <subfield code="2">sao</subfield>
  </datafield>
  <datafield tag="650" ind1=" " ind2="7">
    <subfield code="a">Demensvård.</subfield>
    <subfield code="2">sao</subfield>
  </datafield>
  <datafield tag="700" ind1="1" ind2=" ">
    <subfield code="a">Muir, Tim.</subfield>
  </datafield>
  <datafield tag="700" ind1="1" ind2=" ">
    <subfield code="a">Murakami, Yuki.</subfield>
  </datafield>
  <datafield tag="710" ind1="2" ind2=" ">
    <subfield code="a">Organisation for Economic Co-operation and Development,</subfield>
    <subfield code="e">issuing body.</subfield>
  </datafield>
  <datafield tag="830" ind1=" " ind2="0">
    <subfield code="a">OECD health policy studies.</subfield>
    <subfield code="x">2074-3181</subfield>
  </datafield>
  <datafield tag="856" ind1="4" ind2="1">
    <subfield code="u">http://www.keepeek.com/Digital-Asset-Management/oecd/social-issues-migration-health/addressing-dementia_9789264231726-en#page3</subfield>
  </datafield>
  <datafield tag="923" ind1=" " ind2=" ">
    <subfield code="s">94004170</subfield>
  </datafield>
</record>