
<record>
  <leader>04367cam a22006017i 4500</leader>
  <controlfield tag="001">18644334</controlfield>
  <controlfield tag="005">20200103150456.0</controlfield>
  <controlfield tag="008">150604t20162016nyua     bc   001 0 eng c</controlfield>
  <datafield tag="906" ind1=" " ind2=" ">
    <subfield code="a">7</subfield>
    <subfield code="b">cbc</subfield>
    <subfield code="c">pccadap</subfield>
    <subfield code="d">2</subfield>
    <subfield code="e">epcn</subfield>
    <subfield code="f">20</subfield>
    <subfield code="g">y-gencatlg</subfield>
  </datafield>
  <datafield tag="925" ind1="0" ind2=" ">
    <subfield code="a">acquire</subfield>
    <subfield code="b">1 shelf copy</subfield>
    <subfield code="x">policy default</subfield>
  </datafield>
  <datafield tag="955" ind1=" " ind2=" ">
    <subfield code="b">rk11 2016-12-08 z-processor</subfield>
    <subfield code="i">rk11 2016-12-08 to Dewey</subfield>
  </datafield>
  <datafield tag="955" ind1=" " ind2=" ">
    <subfield code="a">pc15 2015-06-04</subfield>
  </datafield>
  <datafield tag="010" ind1=" " ind2=" ">
    <subfield code="a">  2015943223</subfield>
  </datafield>
  <datafield tag="020" ind1=" " ind2=" ">
    <subfield code="a">9780300212051</subfield>
    <subfield code="q">(hardcover)</subfield>
  </datafield>
  <datafield tag="020" ind1=" " ind2=" ">
    <subfield code="a">0300212054</subfield>
    <subfield code="q">(hardcover)</subfield>
  </datafield>
  <datafield tag="020" ind1=" " ind2=" ">
    <subfield code="a">9780912114644</subfield>
    <subfield code="q">(paperback)</subfield>
  </datafield>
  <datafield tag="020" ind1=" " ind2=" ">
    <subfield code="a">0912114649</subfield>
    <subfield code="q">(paperback)</subfield>
  </datafield>
  <datafield tag="024" ind1="3" ind2=" ">
    <subfield code="a">9780300212051</subfield>
  </datafield>
  <datafield tag="035" ind1=" " ind2=" ">
    <subfield code="a">(OCoLC)ocn920017535</subfield>
  </datafield>
  <datafield tag="040" ind1=" " ind2=" ">
    <subfield code="a">YDXCP</subfield>
    <subfield code="b">eng</subfield>
    <subfield code="e">rda</subfield>
    <subfield code="c">YDXCP</subfield>
    <subfield code="d">BTCTA</subfield>
    <subfield code="d">BDX</subfield>
    <subfield code="d">ERASA</subfield>
    <subfield code="d">OCLCQ</subfield>
    <subfield code="d">FXM</subfield>
    <subfield code="d">TWS</subfield>
    <subfield code="d">NLGGC</subfield>
    <subfield code="d">UBY</subfield>
    <subfield code="d">OCLCQ</subfield>
    <subfield code="d">CHVBK</subfield>
    <subfield code="d">OCLCF</subfield>
    <subfield code="d">CLE</subfield>
    <subfield code="d">OSU</subfield>
    <subfield code="d">ZZAND</subfield>
    <subfield code="d">FDA</subfield>
    <subfield code="d">ZQP</subfield>
    <subfield code="d">DEBSZ</subfield>
    <subfield code="d">ILM</subfield>
    <subfield code="d">DLC</subfield>
  </datafield>
  <datafield tag="043" ind1=" " ind2=" ">
    <subfield code="a">e------</subfield>
  </datafield>
  <datafield tag="050" ind1="0" ind2="0">
    <subfield code="a">N6973.D9</subfield>
    <subfield code="b">A4 2016</subfield>
  </datafield>
  <datafield tag="130" ind1="0" ind2=" ">
    <subfield code="a">Van Dyck (Frick Collection)</subfield>
  </datafield>
  <datafield tag="245" ind1="1" ind2="0">
    <subfield code="a">Van Dyck :</subfield>
    <subfield code="b">the anatomy of portraiture /</subfield>
    <subfield code="c">Stijn Alsteens and Adam Eaker ; with contributions by An Van Camp, Xavier F. Salomon, and Bert Watteeuw.</subfield>
  </datafield>
  <datafield tag="246" ind1="3" ind2="0">
    <subfield code="a">Anatomy of portraiture</subfield>
  </datafield>
  <datafield tag="264" ind1=" " ind2="1">
    <subfield code="a">New York :</subfield>
    <subfield code="b">The Frick Collection ;</subfield>
    <subfield code="a">New Haven ;</subfield>
    <subfield code="a">London :</subfield>
    <subfield code="b">in association with Yale University Press,</subfield>
    <subfield code="c">[2016]</subfield>
  </datafield>
  <datafield tag="264" ind1=" " ind2="4">
    <subfield code="c">©2016</subfield>
  </datafield>
  <datafield tag="300" ind1=" " ind2=" ">
    <subfield code="a">xi, 307 pages :</subfield>
    <subfield code="b">color illustrations ;</subfield>
    <subfield code="c">29 cm</subfield>
  </datafield>
  <datafield tag="336" ind1=" " ind2=" ">
    <subfield code="a">text</subfield>
    <subfield code="b">txt</subfield>
    <subfield code="2">rdacontent</subfield>
  </datafield>
  <datafield tag="336" ind1=" " ind2=" ">
    <subfield code="a">still image</subfield>
    <subfield code="b">sti</subfield>
    <subfield code="2">rdacontent</subfield>
  </datafield>
  <datafield tag="337" ind1=" " ind2=" ">
    <subfield code="a">unmediated</subfield>
    <subfield code="b">n</subfield>
    <subfield code="2">rdamedia</subfield>
  </datafield>
  <datafield tag="338" ind1=" " ind2=" ">
    <subfield code="a">volume</subfield>
    <subfield code="b">nc</subfield>
    <subfield code="2">rdacarrier</subfield>
  </datafield>
  <datafield tag="500" ind1=" " ind2=" ">
    <subfield code="a">&quot;This catalogue is published in conjunction with the exhibition &quot;Van Dyck: The Anatomy of Portraiture,&quot; on view at the Frick Collection from March 2 through June 5, 2016&quot;--Title page verso.</subfield>
  </datafield>
  <datafield tag="505" ind1="0" ind2="0">
    <subfield code="t">A portraitist&apos;s progress /</subfield>
    <subfield code="r">Stijn Alsteens --</subfield>
    <subfield code="t">A taste for Van Dyck /</subfield>
    <subfield code="r">Adam Eaker --</subfield>
    <subfield code="g">Catalogue. First Antwerp period ; Italian period ; Second Antwerp period ; The Iconographie and other early portrait prints after Van Dyck ; English period ; Portrait drawings by Van Dyck&apos;s contemporaries.</subfield>
  </datafield>
  <datafield tag="504" ind1=" " ind2=" ">
    <subfield code="a">Includes bibliographical references (pages 273-297) and index.</subfield>
  </datafield>
  <datafield tag="520" ind1=" " ind2=" ">
    <subfield code="a">This landmark volume is a comprehensive survey of the portrait drawings, paintings, and prints of Anthony van Dyck (1599-1641), one of the most celebrated portraitists of all time. His supremely elegant style and ability to convey a sense of a sitter&apos;s inner life made him a favored portraitist among high-ranking figures and royalty across Europe, as well as among his fellow artists and art enthusiasts. Showcasing the full range of Van Dyck&apos;s fascinating international career with more than 100 works, this catalogue celebrates the artist&apos;s versatility, inventiveness, and influential approach to portraiture. Works include preparatory drawings and oil sketches that shed light on Van Dyck&apos;s working process, prints that allowed his work to reach a wider audience, and grand painted portraits. Some of the masterpieces are drawn from the exceptional holdings of The Frick Collection, while other works are presented here for the first time. Also included are drawings by some of Van Dyck&apos;s contemporaries - including his teacher Peter Paul Rubens - that illuminate the lineage of his working method. With insightful contributions by a team of international scholars, this unparalleled study of Van Dyck offers a compelling case for the distinctiveness and importance of the artist&apos;s work.</subfield>
  </datafield>
  <datafield tag="600" ind1="1" ind2="0">
    <subfield code="a">Van Dyck, Anthony,</subfield>
    <subfield code="d">1599-1641</subfield>
    <subfield code="v">Exhibitions.</subfield>
  </datafield>
  <datafield tag="650" ind1=" " ind2="0">
    <subfield code="a">Portraits, European</subfield>
    <subfield code="y">17th century</subfield>
    <subfield code="v">Exhibitions.</subfield>
  </datafield>
  <datafield tag="600" ind1="1" ind2="4">
    <subfield code="a">Dyck, Anthony van,</subfield>
    <subfield code="d">1599-1641.</subfield>
  </datafield>
  <datafield tag="600" ind1="1" ind2="7">
    <subfield code="a">Van Dyck, Anthony,</subfield>
    <subfield code="d">1599-1641.</subfield>
    <subfield code="2">fast</subfield>
    <subfield code="0">(OCoLC)fst01800206</subfield>
  </datafield>
  <datafield tag="650" ind1=" " ind2="7">
    <subfield code="a">Portraits, European.</subfield>
    <subfield code="2">fast</subfield>
    <subfield code="0">(OCoLC)fst01072362</subfield>
  </datafield>
  <datafield tag="648" ind1=" " ind2="7">
    <subfield code="a">1600-1699</subfield>
    <subfield code="2">fast</subfield>
  </datafield>
  <datafield tag="655" ind1=" " ind2="7">
    <subfield code="a">Exhibition catalogs.</subfield>
    <subfield code="2">fast</subfield>
    <subfield code="0">(OCoLC)fst01424028</subfield>
  </datafield>
  <datafield tag="600" ind1="1" ind2="7">
    <subfield code="a">Dyck, Anton van,</subfield>
    <subfield code="d">1599-1641.</subfield>
    <subfield code="2">gnd</subfield>
    <subfield code="0">(DE-588)118528386</subfield>
  </datafield>
  <datafield tag="655" ind1=" " ind2="7">
    <subfield code="a">Exhibition catalogs.</subfield>
    <subfield code="2">lcgft</subfield>
  </datafield>
  <datafield tag="700" ind1="1" ind2=" ">
    <subfield code="a">Van Camp, An,</subfield>
    <subfield code="d">1979-</subfield>
  </datafield>
  <datafield tag="700" ind1="1" ind2=" ">
    <subfield code="a">Salomon, Xavier F.,</subfield>
    <subfield code="d">1979-</subfield>
  </datafield>
  <datafield tag="700" ind1="1" ind2=" ">
    <subfield code="a">Watteeuw, Bert.</subfield>
  </datafield>
  <datafield tag="700" ind1="1" ind2="2">
    <subfield code="i">Container of (work):</subfield>
    <subfield code="a">Alsteens, Stijn.</subfield>
    <subfield code="t">Portraitist&apos;s progress.</subfield>
  </datafield>
  <datafield tag="700" ind1="1" ind2="2">
    <subfield code="i">Container of (work):</subfield>
    <subfield code="a">Eaker, Adam.</subfield>
    <subfield code="t">Taste for Van Dyck.</subfield>
  </datafield>
  <datafield tag="700" ind1="1" ind2="2">
    <subfield code="i">Container of (work):</subfield>
    <subfield code="a">Van Dyck, Anthony,</subfield>
    <subfield code="d">1599-1641.</subfield>
    <subfield code="t">Works.</subfield>
    <subfield code="k">Selections.</subfield>
  </datafield>
  <datafield tag="710" ind1="2" ind2=" ">
    <subfield code="a">Frick Collection,</subfield>
    <subfield code="e">issuing body,</subfield>
    <subfield code="e">host institution.</subfield>
  </datafield>
  <datafield tag="856" ind1="4" ind2=" ">
    <subfield code="3">Inhaltsverzeichnis</subfield>
    <subfield code="u">http://swbplus.bsz-bw.de/bsz452896304inh.htm</subfield>
    <subfield code="v">20160421101542</subfield>
  </datafield>
</record>