
<record>
  <leader>02384cam a22003377i 4500</leader>
  <controlfield tag="001">18646174</controlfield>
  <controlfield tag="005">20200103120637.0</controlfield>
  <controlfield tag="008">150520s2015    ru       b    100 0 rus  </controlfield>
  <datafield tag="906" ind1=" " ind2=" ">
    <subfield code="a">7</subfield>
    <subfield code="b">cbc</subfield>
    <subfield code="c">origres</subfield>
    <subfield code="d">3</subfield>
    <subfield code="e">ncip</subfield>
    <subfield code="f">20</subfield>
    <subfield code="g">y-nonroman</subfield>
  </datafield>
  <datafield tag="925" ind1="0" ind2=" ">
    <subfield code="a">acquire</subfield>
    <subfield code="b">1 shelf copy</subfield>
    <subfield code="x">policy default</subfield>
  </datafield>
  <datafield tag="955" ind1=" " ind2=" ">
    <subfield code="b">fe08 2015-08-06 telework to cat.</subfield>
    <subfield code="a">fe00 2015-08-10 to GS/RUS</subfield>
    <subfield code="h">fe12 2019-04-11 telework to shelf</subfield>
    <subfield code="u">fe12 2019-04-15</subfield>
  </datafield>
  <datafield tag="010" ind1=" " ind2=" ">
    <subfield code="a">  2015434692</subfield>
  </datafield>
  <datafield tag="020" ind1=" " ind2=" ">
    <subfield code="a">9785895467671</subfield>
  </datafield>
  <datafield tag="035" ind1=" " ind2=" ">
    <subfield code="a">(RuMoEVIS)ev1133744B</subfield>
  </datafield>
  <datafield tag="040" ind1=" " ind2=" ">
    <subfield code="a">DLC</subfield>
    <subfield code="b">eng</subfield>
    <subfield code="e">rda</subfield>
    <subfield code="c">DLC</subfield>
  </datafield>
  <datafield tag="050" ind1="0" ind2="0">
    <subfield code="a">MLCM 2019/41410 (J)</subfield>
  </datafield>
  <datafield tag="066" ind1=" " ind2=" ">
    <subfield code="c">(N</subfield>
  </datafield>
  <datafield tag="111" ind1="2" ind2=" ">
    <subfield code="a">Nauchno-prakticheskai︠a︡ konferent︠s︡ii s mezhdunarodnym uchastiem &quot;Problemy povyshenii︠a︡ ėffektivnosti mestnogo samoupravlenii︠a︡ v uslovii︠a︡kh sovremennykh reform i politicheskikh prot︠s︡essov v Rossii&quot;</subfield>
    <subfield code="d">(2015 :</subfield>
    <subfield code="c">Rostov-na-Donu, Russia)</subfield>
  </datafield>
  <datafield tag="245" ind1="1" ind2="0">
    <subfield code="6">880-01</subfield>
    <subfield code="a">Problemy povyshenii︠a︡ ėffektivnosti mestnogo samoupravlenii︠a︡ v uslovii︠a︡kh sovremennykh reform i politicheskikh prot︠s︡essov v Rossii :</subfield>
    <subfield code="b">materialy nauchno-prakticheskoĭ konferent︠s︡ii s mezhdunarodnym uchastiem, Rostov-na-Donu, 7-8 apreli︠a︡ 2015 g. /</subfield>
    <subfield code="c">Redakt︠s︡ionno-izdatelʹskai︠a︡ gruppa: Rudoĭ V.V. (rukovoditelʹ) ... [and others].</subfield>
  </datafield>
  <datafield tag="880" ind1="1" ind2="0">
    <subfield code="6">245-01/(N</subfield>
    <subfield code="a">Проблемы повышения эффективности местного самоуправления в условиях современных реформ и политических процессов в России :</subfield>
    <subfield code="b">материалы научно-практической конференции с международным участием, Ростов-на-Дону, 7-8 апреля 2015 г. /</subfield>
    <subfield code="c">Редакционно-издательская группа: Рудой В.В. (руководитель) ... [and ohters].</subfield>
  </datafield>
  <datafield tag="264" ind1=" " ind2="1">
    <subfield code="6">880-02</subfield>
    <subfield code="a">Rostov-na-Donu :</subfield>
    <subfield code="b">Izdatelʹstvo I︠U︡RIU RANKhiGS,</subfield>
    <subfield code="c">2015.</subfield>
  </datafield>
  <datafield tag="880" ind1=" " ind2="1">
    <subfield code="6">264-02/(N</subfield>
    <subfield code="a">Ростов-на-Дону :</subfield>
    <subfield code="b">Издательство ЮРИУ РАНХиГС,</subfield>
    <subfield code="c">2015.</subfield>
  </datafield>
  <datafield tag="300" ind1=" " ind2=" ">
    <subfield code="a">831 pages ;</subfield>
    <subfield code="c">25 cm</subfield>
  </datafield>
  <datafield tag="336" ind1=" " ind2=" ">
    <subfield code="a">text</subfield>
    <subfield code="2">rdacontent</subfield>
  </datafield>
  <datafield tag="337" ind1=" " ind2=" ">
    <subfield code="a">unmediated</subfield>
    <subfield code="2">rdamedia</subfield>
  </datafield>
  <datafield tag="338" ind1=" " ind2=" ">
    <subfield code="a">volume</subfield>
    <subfield code="2">rdacarrier</subfield>
  </datafield>
  <datafield tag="504" ind1=" " ind2=" ">
    <subfield code="a">Includes bibliographical references.</subfield>
  </datafield>
  <datafield tag="653" ind1="0" ind2=" ">
    <subfield code="a">Local government;</subfield>
    <subfield code="a">Municipal government;</subfield>
    <subfield code="a">Congresses</subfield>
  </datafield>
  <datafield tag="700" ind1="1" ind2=" ">
    <subfield code="a">Rudoĭ, V. V.,</subfield>
    <subfield code="e">editor.</subfield>
  </datafield>
  <datafield tag="923" ind1=" " ind2=" ">
    <subfield code="d">20150520</subfield>
    <subfield code="n">10127642</subfield>
    <subfield code="s">RuMoEVIS</subfield>
  </datafield>
  <datafield tag="985" ind1=" " ind2=" ">
    <subfield code="e">VENDOR LOAD</subfield>
  </datafield>
</record>