
<record>
  <leader>02281cam a22003257i 4500</leader>
  <controlfield tag="001">18650178</controlfield>
  <controlfield tag="005">20200103150456.0</controlfield>
  <controlfield tag="008">150608s2016    enk      b    001 0 eng  </controlfield>
  <datafield tag="906" ind1=" " ind2=" ">
    <subfield code="a">7</subfield>
    <subfield code="b">cbc</subfield>
    <subfield code="c">pccadap</subfield>
    <subfield code="d">2</subfield>
    <subfield code="e">epcn</subfield>
    <subfield code="f">20</subfield>
    <subfield code="g">y-gencatlg</subfield>
  </datafield>
  <datafield tag="925" ind1="0" ind2=" ">
    <subfield code="a">acquire</subfield>
    <subfield code="b">2 shelf copies</subfield>
    <subfield code="x">policy default (ex.)</subfield>
  </datafield>
  <datafield tag="955" ind1=" " ind2=" ">
    <subfield code="b">rm05 2016-01-14 z-processor</subfield>
    <subfield code="i">rm05 2016-01-19 to CALM</subfield>
    <subfield code="e">rm05  2016-09-06 to CALM</subfield>
  </datafield>
  <datafield tag="010" ind1=" " ind2=" ">
    <subfield code="a">  2015019522</subfield>
  </datafield>
  <datafield tag="020" ind1=" " ind2=" ">
    <subfield code="a">9781138825802 (hardback)</subfield>
  </datafield>
  <datafield tag="020" ind1=" " ind2=" ">
    <subfield code="a">1138825808 (hardback)</subfield>
  </datafield>
  <datafield tag="020" ind1=" " ind2=" ">
    <subfield code="z">9781315739724 (e-book)</subfield>
  </datafield>
  <datafield tag="035" ind1=" " ind2=" ">
    <subfield code="a">(OCoLC)ocn910936256</subfield>
  </datafield>
  <datafield tag="040" ind1=" " ind2=" ">
    <subfield code="a">DLC</subfield>
    <subfield code="b">eng</subfield>
    <subfield code="c">DLC</subfield>
    <subfield code="e">rda</subfield>
    <subfield code="d">YDX</subfield>
    <subfield code="d">BDX</subfield>
    <subfield code="d">BTCTA</subfield>
    <subfield code="d">YDXCP</subfield>
    <subfield code="d">OCLCF</subfield>
    <subfield code="d">CDX</subfield>
    <subfield code="d">DLC</subfield>
  </datafield>
  <datafield tag="050" ind1="0" ind2="0">
    <subfield code="a">HF5549.5.E43</subfield>
    <subfield code="b">W666 2016</subfield>
  </datafield>
  <datafield tag="245" ind1="0" ind2="0">
    <subfield code="a">Workplace abuse, incivility and bullying :</subfield>
    <subfield code="b">methodological and cultural perspectives /</subfield>
    <subfield code="c">edited by Maryam Omari and Megan Paull.</subfield>
  </datafield>
  <datafield tag="264" ind1=" " ind2="1">
    <subfield code="a">Abingdon, Oxon ;</subfield>
    <subfield code="a">New York, NY :</subfield>
    <subfield code="b">Routledge,</subfield>
    <subfield code="c">2016.</subfield>
  </datafield>
  <datafield tag="300" ind1=" " ind2=" ">
    <subfield code="a">xi, 219 pages ;</subfield>
    <subfield code="c">24 cm</subfield>
  </datafield>
  <datafield tag="336" ind1=" " ind2=" ">
    <subfield code="a">text</subfield>
    <subfield code="2">rdacontent</subfield>
  </datafield>
  <datafield tag="337" ind1=" " ind2=" ">
    <subfield code="a">unmediated</subfield>
    <subfield code="2">rdamedia</subfield>
  </datafield>
  <datafield tag="338" ind1=" " ind2=" ">
    <subfield code="a">volume</subfield>
    <subfield code="2">rdacarrier</subfield>
  </datafield>
  <datafield tag="504" ind1=" " ind2=" ">
    <subfield code="a">Includes bibliographical references and index.</subfield>
  </datafield>
  <datafield tag="505" ind1="0" ind2=" ">
    <subfield code="a">Setting the scene : workplace abuse, incivility and bullying : methodological and cultural perspectives -- Paradigmatic and methodological approaches -- Floorcraft : researching subjective phenomena -- In the eye of the beholder : ethnic culture as a lens -- India : a paradoxical context for workplace bullying -- Turkey : east of west, west of east -- Greece : incivility, bullying and forcing in the land of bullying gods and lesser mortals -- Poland : one nation, one religion : tradition and change -- The Czech Republic : workplace abuse in a post-transitional country -- Merlion : the influence of Singapore&apos;s cosmopolitan culture on workplace incivility -- Israel : a land of contrasts : the contribution of attachment orientation, gender, and ethical climate in the workplace to abusive supervision -- Workplace bullying in New Zealand : &quot;she&apos;ll be right?&quot; -- Australia : the &quot;fair go&quot; multicultural continent nation -- Workplace abuse, incivility and bullying : the challenge of translational research.</subfield>
  </datafield>
  <datafield tag="650" ind1=" " ind2="0">
    <subfield code="a">Bullying in the workplace.</subfield>
  </datafield>
  <datafield tag="650" ind1=" " ind2="7">
    <subfield code="a">Bullying in the workplace.</subfield>
    <subfield code="2">fast</subfield>
    <subfield code="0">(OCoLC)fst00841565</subfield>
  </datafield>
  <datafield tag="700" ind1="1" ind2=" ">
    <subfield code="a">Omari, Maryam,</subfield>
    <subfield code="e">editor.</subfield>
  </datafield>
  <datafield tag="700" ind1="1" ind2=" ">
    <subfield code="a">Paull, Megan,</subfield>
    <subfield code="e">editor.</subfield>
  </datafield>
</record>