
<record>
  <leader>02137cam a22004337i 4500</leader>
  <controlfield tag="001">18650590</controlfield>
  <controlfield tag="005">20200103120644.0</controlfield>
  <controlfield tag="008">150608s2015    nbuab    b   s001 0 eng c</controlfield>
  <datafield tag="906" ind1=" " ind2=" ">
    <subfield code="a">7</subfield>
    <subfield code="b">cbc</subfield>
    <subfield code="c">orignew</subfield>
    <subfield code="d">1</subfield>
    <subfield code="e">ecip</subfield>
    <subfield code="f">20</subfield>
    <subfield code="g">y-gencatlg</subfield>
  </datafield>
  <datafield tag="925" ind1="0" ind2=" ">
    <subfield code="a">acquire</subfield>
    <subfield code="b">1 shelf copy</subfield>
    <subfield code="x">policy default</subfield>
  </datafield>
  <datafield tag="955" ind1=" " ind2=" ">
    <subfield code="a">IEN</subfield>
    <subfield code="e">rf07 2015-06-11 (overtime) to Dewey</subfield>
    <subfield code="w">xl06 2015-06-17</subfield>
    <subfield code="a">xn12 2015-12-02 1 copy rec&apos;d., to CIP ver.</subfield>
    <subfield code="f">rk11 2015-12-14 to CALM</subfield>
  </datafield>
  <datafield tag="010" ind1=" " ind2=" ">
    <subfield code="a">  2015022529</subfield>
  </datafield>
  <datafield tag="020" ind1=" " ind2=" ">
    <subfield code="a">9780803254138 (cloth : alk. paper)</subfield>
  </datafield>
  <datafield tag="020" ind1=" " ind2=" ">
    <subfield code="z">9780803280892 (epub)</subfield>
  </datafield>
  <datafield tag="020" ind1=" " ind2=" ">
    <subfield code="z">9780803280908 (mobi)</subfield>
  </datafield>
  <datafield tag="020" ind1=" " ind2=" ">
    <subfield code="z">9780803280915 (pdf)</subfield>
  </datafield>
  <datafield tag="040" ind1=" " ind2=" ">
    <subfield code="a">IEN/DLC</subfield>
    <subfield code="b">eng</subfield>
    <subfield code="c">IEN</subfield>
    <subfield code="e">rda</subfield>
    <subfield code="d">DLC</subfield>
  </datafield>
  <datafield tag="043" ind1=" " ind2=" ">
    <subfield code="a">f-sg---</subfield>
  </datafield>
  <datafield tag="050" ind1="0" ind2="0">
    <subfield code="a">NA2543.S6</subfield>
    <subfield code="b">H54 2015</subfield>
  </datafield>
  <datafield tag="082" ind1="0" ind2="0">
    <subfield code="a">720.1/0309663</subfield>
    <subfield code="2">23</subfield>
  </datafield>
  <datafield tag="100" ind1="1" ind2=" ">
    <subfield code="a">Hinchman, Mark,</subfield>
    <subfield code="e">author.</subfield>
  </datafield>
  <datafield tag="245" ind1="1" ind2="0">
    <subfield code="a">Portrait of an island :</subfield>
    <subfield code="b">the architecture and material culture of Gorée, Sénégal, 1758-1837 /</subfield>
    <subfield code="c">Mark Hinchman.</subfield>
  </datafield>
  <datafield tag="264" ind1=" " ind2="1">
    <subfield code="a">Lincoln :</subfield>
    <subfield code="b">University of Nebraska Press,</subfield>
    <subfield code="c">[2015]</subfield>
  </datafield>
  <datafield tag="300" ind1=" " ind2=" ">
    <subfield code="a">xvii, 396 pages :</subfield>
    <subfield code="b">illustrations, maps ;</subfield>
    <subfield code="c">24 cm.</subfield>
  </datafield>
  <datafield tag="336" ind1=" " ind2=" ">
    <subfield code="a">text</subfield>
    <subfield code="b">txt</subfield>
    <subfield code="2">rdacontent</subfield>
  </datafield>
  <datafield tag="336" ind1=" " ind2=" ">
    <subfield code="a">still image</subfield>
    <subfield code="2">rdacontent</subfield>
  </datafield>
  <datafield tag="337" ind1=" " ind2=" ">
    <subfield code="a">unmediated</subfield>
    <subfield code="b">n</subfield>
    <subfield code="2">rdamedia</subfield>
  </datafield>
  <datafield tag="338" ind1=" " ind2=" ">
    <subfield code="a">volume</subfield>
    <subfield code="b">nc</subfield>
    <subfield code="2">rdacarrier</subfield>
  </datafield>
  <datafield tag="490" ind1="1" ind2=" ">
    <subfield code="a">Early modern cultural studies</subfield>
  </datafield>
  <datafield tag="504" ind1=" " ind2=" ">
    <subfield code="a">Includes bibliographical references (pages 371-380) and index.</subfield>
  </datafield>
  <datafield tag="505" ind1="0" ind2="0">
    <subfield code="t">Introduction: an interdisciplinary stroll in early modern West Africa --</subfield>
    <subfield code="t">The natural landscape: the island and cartography --</subfield>
    <subfield code="t">The built landscape: architecture and urbanism --</subfield>
    <subfield code="t">The elite: patrons, critics, and fans --</subfield>
    <subfield code="t">The middle: occupational groups --</subfield>
    <subfield code="t">The bottom rung: servants and slaves --</subfield>
    <subfield code="t">Things: houses and their contents --</subfield>
    <subfield code="t">Conclusion: Building memories.</subfield>
  </datafield>
  <datafield tag="650" ind1=" " ind2="0">
    <subfield code="a">Architecture and society</subfield>
    <subfield code="z">Senegal</subfield>
    <subfield code="z">Gorée.</subfield>
  </datafield>
  <datafield tag="650" ind1=" " ind2="0">
    <subfield code="a">Domestic space</subfield>
    <subfield code="z">Senegal</subfield>
    <subfield code="z">Gorée.</subfield>
  </datafield>
  <datafield tag="650" ind1=" " ind2="0">
    <subfield code="a">Material culture</subfield>
    <subfield code="z">Senegal</subfield>
    <subfield code="z">Gorée.</subfield>
  </datafield>
  <datafield tag="651" ind1=" " ind2="0">
    <subfield code="a">Gorée (Senegal)</subfield>
    <subfield code="x">Buildings, structures, etc.</subfield>
  </datafield>
  <datafield tag="651" ind1=" " ind2="0">
    <subfield code="a">Gorée (Senegal)</subfield>
    <subfield code="x">Social conditions</subfield>
    <subfield code="y">18th century.</subfield>
  </datafield>
  <datafield tag="651" ind1=" " ind2="0">
    <subfield code="a">Gorée (Senegal)</subfield>
    <subfield code="x">Social conditions</subfield>
    <subfield code="y">19th century.</subfield>
  </datafield>
  <datafield tag="830" ind1=" " ind2="0">
    <subfield code="a">Early modern cultural studies (Lincoln, Neb.)</subfield>
  </datafield>
  <datafield tag="985" ind1=" " ind2=" ">
    <subfield code="a">IENCIP</subfield>
    <subfield code="d">2015-06-09</subfield>
  </datafield>
</record>