
<record>
  <leader>03611cam a22005777i 4500</leader>
  <controlfield tag="001">18654220</controlfield>
  <controlfield tag="005">20200103150456.0</controlfield>
  <controlfield tag="008">150611t20162016nyua     b    001 0 eng c</controlfield>
  <datafield tag="906" ind1=" " ind2=" ">
    <subfield code="a">7</subfield>
    <subfield code="b">cbc</subfield>
    <subfield code="c">pccadap</subfield>
    <subfield code="d">2</subfield>
    <subfield code="e">ncip</subfield>
    <subfield code="f">20</subfield>
    <subfield code="g">y-gencatlg</subfield>
  </datafield>
  <datafield tag="925" ind1="0" ind2=" ">
    <subfield code="a">acquire</subfield>
    <subfield code="b">1 shelf copy</subfield>
    <subfield code="x">policy default</subfield>
  </datafield>
  <datafield tag="955" ind1=" " ind2=" ">
    <subfield code="b">rk11 2019-03-19 z-processor</subfield>
  </datafield>
  <datafield tag="955" ind1=" " ind2=" ">
    <subfield code="a">pc17 2015-06-11</subfield>
  </datafield>
  <datafield tag="010" ind1=" " ind2=" ">
    <subfield code="a">  2015943660</subfield>
  </datafield>
  <datafield tag="020" ind1=" " ind2=" ">
    <subfield code="a">9780500343135</subfield>
    <subfield code="q">(hardback)</subfield>
  </datafield>
  <datafield tag="020" ind1=" " ind2=" ">
    <subfield code="a">0500343136</subfield>
    <subfield code="q">(hardback)</subfield>
  </datafield>
  <datafield tag="035" ind1=" " ind2=" ">
    <subfield code="a">(OCoLC)ocn936352133</subfield>
  </datafield>
  <datafield tag="037" ind1=" " ind2=" ">
    <subfield code="b">W W Norton &amp; Co Inc, Keystone Industrial Park Attn Mike Charnogursky 800 Keystone Industrial Park, Scranton, PA, USA, 18512</subfield>
    <subfield code="n">SAN 202-5795</subfield>
  </datafield>
  <datafield tag="040" ind1=" " ind2=" ">
    <subfield code="a">UKWOH</subfield>
    <subfield code="b">eng</subfield>
    <subfield code="e">rda</subfield>
    <subfield code="c">UKWOH</subfield>
    <subfield code="d">TOH</subfield>
    <subfield code="d">BDX</subfield>
    <subfield code="d">YDXCP</subfield>
    <subfield code="d">OCLCO</subfield>
    <subfield code="d">OSU</subfield>
    <subfield code="d">OCLCO</subfield>
    <subfield code="d">OCLCF</subfield>
    <subfield code="d">OCLCO</subfield>
    <subfield code="d">NLGGC</subfield>
    <subfield code="d">OCLCO</subfield>
    <subfield code="d">PMC</subfield>
    <subfield code="d">UBY</subfield>
    <subfield code="d">CAAGO</subfield>
    <subfield code="d">WEA</subfield>
    <subfield code="d">UKTTE</subfield>
    <subfield code="d">SFR</subfield>
    <subfield code="d">AVA</subfield>
    <subfield code="d">DHA</subfield>
    <subfield code="d">OCLCQ</subfield>
    <subfield code="d">OCLCO</subfield>
    <subfield code="d">UKOBU</subfield>
    <subfield code="d">OIP</subfield>
    <subfield code="d">CNGUL</subfield>
    <subfield code="d">CUI</subfield>
    <subfield code="d">DLC</subfield>
  </datafield>
  <datafield tag="050" ind1="0" ind2="0">
    <subfield code="a">N7053.O43</subfield>
    <subfield code="b">A4 2016b</subfield>
  </datafield>
  <datafield tag="080" ind1=" " ind2=" ">
    <subfield code="a">7 ELIA ELI</subfield>
  </datafield>
  <datafield tag="084" ind1=" " ind2=" ">
    <subfield code="a">J198</subfield>
    <subfield code="2">clc</subfield>
  </datafield>
  <datafield tag="100" ind1="0" ind2=" ">
    <subfield code="a">Ólafur Elíasson,</subfield>
    <subfield code="d">1967-</subfield>
    <subfield code="e">artist.</subfield>
  </datafield>
  <datafield tag="240" ind1="1" ind2="0">
    <subfield code="a">Works.</subfield>
    <subfield code="k">Selections</subfield>
  </datafield>
  <datafield tag="245" ind1="1" ind2="0">
    <subfield code="a">Unspoken spaces /</subfield>
    <subfield code="c">Studio Olafur Eliasson ; managing editor Kristina Köper.</subfield>
  </datafield>
  <datafield tag="264" ind1=" " ind2="1">
    <subfield code="a">New York :</subfield>
    <subfield code="b">Thames &amp; Hudson,</subfield>
    <subfield code="c">2016.</subfield>
  </datafield>
  <datafield tag="264" ind1=" " ind2="4">
    <subfield code="c">©2016</subfield>
  </datafield>
  <datafield tag="300" ind1=" " ind2=" ">
    <subfield code="a">415 pages :</subfield>
    <subfield code="b">illustrations (some color) ;</subfield>
    <subfield code="c">29 cm</subfield>
  </datafield>
  <datafield tag="336" ind1=" " ind2=" ">
    <subfield code="a">text</subfield>
    <subfield code="b">txt</subfield>
    <subfield code="2">rdacontent</subfield>
  </datafield>
  <datafield tag="336" ind1=" " ind2=" ">
    <subfield code="a">still image</subfield>
    <subfield code="b">sti</subfield>
    <subfield code="2">rdacontent</subfield>
  </datafield>
  <datafield tag="337" ind1=" " ind2=" ">
    <subfield code="a">unmediated</subfield>
    <subfield code="b">n</subfield>
    <subfield code="2">rdamedia</subfield>
  </datafield>
  <datafield tag="338" ind1=" " ind2=" ">
    <subfield code="a">volume</subfield>
    <subfield code="b">nc</subfield>
    <subfield code="2">rdacarrier</subfield>
  </datafield>
  <datafield tag="504" ind1=" " ind2=" ">
    <subfield code="a">Includes bibliographical references (page 410) and index.</subfield>
  </datafield>
  <datafield tag="505" ind1="0" ind2="0">
    <subfield code="t">Your geometric engagement /</subfield>
    <subfield code="r">Carol Diehl and Terry Perk --</subfield>
    <subfield code="t">Dazzled /</subfield>
    <subfield code="r">Lorraine Daston --</subfield>
    <subfield code="t">The art-architecture ping-pong /</subfield>
    <subfield code="r">Alex Coles --</subfield>
    <subfield code="t">Now memory /</subfield>
    <subfield code="r">Eric Ellingsen --</subfield>
    <subfield code="t">An entry for Olafur Eliasson&apos;s The parliament of reality /</subfield>
    <subfield code="r">Molly Nesbit --</subfield>
    <subfield code="t">Extravagant parsimony : a study from nature /</subfield>
    <subfield code="r">Minik Rosing --</subfield>
    <subfield code="t">Users in the field /</subfield>
    <subfield code="r">Caroline Jones --</subfield>
    <subfield code="t">From things flows what we call time /</subfield>
    <subfield code="r">Timothy Morton.</subfield>
  </datafield>
  <datafield tag="520" ind1="0" ind2=" ">
    <subfield code="a">Unspoken Spaces is a richly illustrated journey through spheres, tunnels, towers, walkways and archways, as well as pavilions and larger buildings realized by artist Olafur Eliasson and his studio since the late 1990s. Binding the spiralling dynamic of these works are essays by renowned writers across a variety of fields, from geologists and historians of art and science to architects, artists, and philosophers. The works range from art installations to striking buildings, such as the Serpentine Gallery Pavilion 2007 in London (with Kjetil Thorsen) and &apos;Your Rainbow&apos; panorama in Aarhus, Denmark, and the crystalline facade for Harpa Concert Hall and Conference Centre in Reykjavik, each presented through in-depth project descriptions alongside Eliasson&apos;s own thoughts. -- publisher&apos;s statement.</subfield>
  </datafield>
  <datafield tag="600" ind1="0" ind2="0">
    <subfield code="a">Ólafur Elíasson,</subfield>
    <subfield code="d">1967-</subfield>
    <subfield code="x">Themes, motives.</subfield>
  </datafield>
  <datafield tag="610" ind1="2" ind2="0">
    <subfield code="a">Studio Olafur Eliasson</subfield>
    <subfield code="v">Catalogs.</subfield>
  </datafield>
  <datafield tag="655" ind1=" " ind2="4">
    <subfield code="a">Exhibition catalogues.</subfield>
  </datafield>
  <datafield tag="600" ind1="0" ind2="7">
    <subfield code="a">Olafur Eliasson,</subfield>
    <subfield code="2">cct</subfield>
  </datafield>
  <datafield tag="650" ind1=" " ind2="7">
    <subfield code="a">Installations (Art)</subfield>
    <subfield code="v">Catalogs</subfield>
    <subfield code="z">21st century.</subfield>
    <subfield code="2">cct</subfield>
  </datafield>
  <datafield tag="650" ind1=" " ind2="7">
    <subfield code="a">Art, Modern</subfield>
    <subfield code="x">Catalogs</subfield>
    <subfield code="z">21st century.</subfield>
    <subfield code="2">cct</subfield>
  </datafield>
  <datafield tag="650" ind1=" " ind2="7">
    <subfield code="a">Art and Design.</subfield>
    <subfield code="2">eflch</subfield>
  </datafield>
  <datafield tag="600" ind1="0" ind2="7">
    <subfield code="a">Ólafur Elíasson,</subfield>
    <subfield code="d">1967-</subfield>
    <subfield code="2">fast</subfield>
    <subfield code="0">(OCoLC)fst00435777</subfield>
  </datafield>
  <datafield tag="610" ind1="2" ind2="7">
    <subfield code="a">Studio Olafur Eliasson.</subfield>
    <subfield code="2">fast</subfield>
    <subfield code="0">(OCoLC)fst01793639</subfield>
  </datafield>
  <datafield tag="650" ind1=" " ind2="7">
    <subfield code="a">Art, Modern.</subfield>
    <subfield code="2">fast</subfield>
    <subfield code="0">(OCoLC)fst00816615</subfield>
  </datafield>
  <datafield tag="650" ind1=" " ind2="7">
    <subfield code="a">Installations (Art)</subfield>
    <subfield code="2">fast</subfield>
    <subfield code="0">(OCoLC)fst00974250</subfield>
  </datafield>
  <datafield tag="648" ind1=" " ind2="7">
    <subfield code="a">2000-2099</subfield>
    <subfield code="2">fast</subfield>
  </datafield>
  <datafield tag="655" ind1=" " ind2="7">
    <subfield code="a">Catalogs.</subfield>
    <subfield code="2">fast</subfield>
    <subfield code="0">(OCoLC)fst01423692.</subfield>
  </datafield>
  <datafield tag="655" ind1=" " ind2="7">
    <subfield code="a">Catalogues raisonnés.</subfield>
    <subfield code="2">fast</subfield>
    <subfield code="0">(OCoLC)fst01920771.</subfield>
  </datafield>
  <datafield tag="650" ind1=" " ind2="7">
    <subfield code="a">Art and Design.</subfield>
    <subfield code="2">ukslc</subfield>
  </datafield>
  <datafield tag="700" ind1="1" ind2=" ">
    <subfield code="a">Köper, Kristina Brigitta,</subfield>
    <subfield code="e">managing editor.</subfield>
  </datafield>
  <datafield tag="710" ind1="2" ind2=" ">
    <subfield code="a">Studio Olafur Eliasson,</subfield>
    <subfield code="e">issuing body.</subfield>
  </datafield>
</record>