
<record>
  <leader>05282cam a22004097i 4500</leader>
  <controlfield tag="001">18654489</controlfield>
  <controlfield tag="005">20200103120645.0</controlfield>
  <controlfield tag="008">150611s2015    nju      b    001 0 eng  </controlfield>
  <datafield tag="906" ind1=" " ind2=" ">
    <subfield code="a">7</subfield>
    <subfield code="b">cbc</subfield>
    <subfield code="c">orignew</subfield>
    <subfield code="d">1</subfield>
    <subfield code="e">ecip</subfield>
    <subfield code="f">20</subfield>
    <subfield code="g">y-gencatlg</subfield>
  </datafield>
  <datafield tag="925" ind1="0" ind2=" ">
    <subfield code="a">acquire</subfield>
    <subfield code="b">2 shelf copies</subfield>
    <subfield code="x">policy default</subfield>
    <subfield code="e">claim1  2015-12-02</subfield>
  </datafield>
  <datafield tag="955" ind1=" " ind2=" ">
    <subfield code="b">rm13 2015-06-11</subfield>
    <subfield code="i">rm13 2015-06-11 ONIX</subfield>
    <subfield code="w">xl03 2015-06-11</subfield>
    <subfield code="a">xn11 2016-02-03 1 copy rec&apos;d., to CIP ver.</subfield>
    <subfield code="f">rm06 2016-04-27 to CALM</subfield>
  </datafield>
  <datafield tag="010" ind1=" " ind2=" ">
    <subfield code="a">  2015013221</subfield>
  </datafield>
  <datafield tag="020" ind1=" " ind2=" ">
    <subfield code="a">9781118774632 (hardback)</subfield>
  </datafield>
  <datafield tag="020" ind1=" " ind2=" ">
    <subfield code="z">9781118774625 (ebk)</subfield>
  </datafield>
  <datafield tag="020" ind1=" " ind2=" ">
    <subfield code="z">9781118774380 (ebk)</subfield>
  </datafield>
  <datafield tag="020" ind1=" " ind2=" ">
    <subfield code="z">9781118774359 (obk)</subfield>
  </datafield>
  <datafield tag="040" ind1=" " ind2=" ">
    <subfield code="a">DLC</subfield>
    <subfield code="b">eng</subfield>
    <subfield code="c">DLC</subfield>
    <subfield code="e">rda</subfield>
    <subfield code="d">DLC</subfield>
  </datafield>
  <datafield tag="050" ind1="0" ind2="0">
    <subfield code="a">HG1601</subfield>
    <subfield code="b">.W558 2015</subfield>
  </datafield>
  <datafield tag="082" ind1="0" ind2="0">
    <subfield code="a">332.1068/1</subfield>
    <subfield code="2">23</subfield>
  </datafield>
  <datafield tag="084" ind1=" " ind2=" ">
    <subfield code="a">BUS027000</subfield>
    <subfield code="2">bisacsh</subfield>
  </datafield>
  <datafield tag="100" ind1="1" ind2=" ">
    <subfield code="a">Wilson, Thomas C.,</subfield>
    <subfield code="d">1961-</subfield>
  </datafield>
  <datafield tag="245" ind1="1" ind2="0">
    <subfield code="a">Value and capital management :</subfield>
    <subfield code="b">a handbook for the finance and risk functions of financial institutions /</subfield>
    <subfield code="c">Thomas C. Wilson.</subfield>
  </datafield>
  <datafield tag="264" ind1=" " ind2="1">
    <subfield code="a">Hoboken :</subfield>
    <subfield code="b">Wiley,</subfield>
    <subfield code="c">2015.</subfield>
  </datafield>
  <datafield tag="300" ind1=" " ind2=" ">
    <subfield code="a">xxiii, 695 pages ;</subfield>
    <subfield code="c">26 cm.</subfield>
  </datafield>
  <datafield tag="336" ind1=" " ind2=" ">
    <subfield code="a">text</subfield>
    <subfield code="2">rdacontent</subfield>
  </datafield>
  <datafield tag="337" ind1=" " ind2=" ">
    <subfield code="a">unmediated</subfield>
    <subfield code="2">rdamedia</subfield>
  </datafield>
  <datafield tag="338" ind1=" " ind2=" ">
    <subfield code="a">volume</subfield>
    <subfield code="2">rdacarrier</subfield>
  </datafield>
  <datafield tag="490" ind1="0" ind2=" ">
    <subfield code="a">The Wiley finance series</subfield>
  </datafield>
  <datafield tag="520" ind1=" " ind2=" ">
    <subfield code="a">&quot;A value management framework designed specifically for banking and insurance  The Value Management Handbook is a comprehensive, practical reference written specifically for bank and insurance valuation and value management. Spelling out how the finance and risk functions add value in their respective spheres, this book presents a framework for measuring - and more importantly, influencing - the value of the firm from the position of the CFO and CRO. Case studies illustrating value-enhancing initiatives are designed to help Heads of Strategy offer CEOs concrete ideas toward creating more value, and discussion of &quot;hard&quot; and &quot;soft&quot; skills put CFOs and CROs in a position to better influence strategy and operations. The challenge of financial services valuation is addressed in terms of the roles of risk and capital, and business-specific &quot;value trees&quot; demonstrate the source of successful value enhancement initiatives. While most value management resources fail to adequately address the unique role of risk and capital in banks, insurance, and asset management, this book fills the gap by providing concrete, business-specific information that connects management actions and value creation, helping readers to:    Measure value accurately for more productive value-based management initiatives and evaluation of growth opportunities   Apply a quantitative, risk-adjusted value management framework reconciled with the way financial services shares are valued by the market   Develop a value set specific to the industry to inspire initiatives that increase the firm&apos;s value   Study the quantitative and qualitative management frameworks that move CFOs and CROs from measurement to management    The roles of CFO and CRO in financial firms have changed dramatically over the past decade, requiring business savvy and the ability to challenge the CEO. The Value Management Handbook provides the expert guidance that leads CFOs and CROs toward better information, better insight, and better decisions&quot;--</subfield>
    <subfield code="c">Provided by publisher.</subfield>
  </datafield>
  <datafield tag="504" ind1=" " ind2=" ">
    <subfield code="a">Includes bibliographical references (pages 653-674) and index.</subfield>
  </datafield>
  <datafield tag="505" ind1="8" ind2=" ">
    <subfield code="a">Machine generated contents note:  List of Abbreviations Preface Acknowledgments About the Author Part I: Introduction Chapter 1: Why is Value Management Important? Chapter 2: How do CFOs and CROs Add Value? Part II: Better Information - Measuring Value Chapter 3: RAPM - The Industry Standard Chapter 4: Two Challenges in Using RAPMs Chapter 5: Valuing Financial Services - The Theory Chapter 6: Valuing Financial Services - The Evidence Chapter 7: Market Consistent Valuation for Insurers Part III: Better Insights - Managing Value Chapter 8: Property and Casualty Insurance Chapter 9: Life and Health Insurance Chapter 10: Banking Chapter 11: Achieving Profitable Growth Chapter 12: Achieving Operating Efficiency Part IV: Better Decisions - Capital, Balance Sheet and Risk Management Chapter 13: Corporate Strategy and Capital Allocation Chapter 14: Strategic Planning and Performance Management Chapter 15: Balance Sheet Management Chapter 16: Economics of Asset / Liability Management Chapter 17: The Practical Aspects of Asset / Liability Management Chapter 18: Cash and Liquidity Management Chapter 19: Managing the Capital and Funding Structure Chapter 20: Risk Management Chapter 21: Risk Governance and Organization Chapter 22: Risk Identification and Evaluation Chapter 23: Risk Underwriting - Strategy and Governance Chapter 24: Risk Underwriting - Technical Tools Chapter 25: Risk Underwriting - From Technical Pricing to Value Maximization Chapter 26: Managing Operational and Reputational Risks Chapter 27: Risk and Limit Controlling Appendix Glossary Bibliography Index .</subfield>
  </datafield>
  <datafield tag="650" ind1=" " ind2="0">
    <subfield code="a">Banks and banking.</subfield>
  </datafield>
  <datafield tag="650" ind1=" " ind2="0">
    <subfield code="a">Financial services industry.</subfield>
  </datafield>
  <datafield tag="650" ind1=" " ind2="0">
    <subfield code="a">Risk management.</subfield>
  </datafield>
  <datafield tag="650" ind1=" " ind2="7">
    <subfield code="a">BUSINESS &amp; ECONOMICS / Finance.</subfield>
    <subfield code="2">bisacsh</subfield>
  </datafield>
  <datafield tag="776" ind1="0" ind2="8">
    <subfield code="i">Online version:</subfield>
    <subfield code="a">Wilson, Thomas C., 1961-</subfield>
    <subfield code="t">Value and capital management</subfield>
    <subfield code="b">1</subfield>
    <subfield code="d">Hoboken : Wiley, 2015</subfield>
    <subfield code="z">9781118774380</subfield>
    <subfield code="w">(DLC) 2015023465</subfield>
  </datafield>
  <datafield tag="856" ind1="4" ind2="2">
    <subfield code="3">Cover image</subfield>
    <subfield code="u">http://catalogimages.wiley.com/images/db/jimages/9781118774632.jpg</subfield>
  </datafield>
</record>